{
  "query": "Analyze ROAS drop",
  "plan": {
    "query": "Analyze ROAS drop",
    "tasks": [
      {
        "task": "load_data",
        "description": "Load and summarize dataset"
      },
      {
        "task": "generate_insights",
        "description": "Create hypotheses explaining metric changes"
      },
      {
        "task": "validate_insights",
        "description": "Evaluate hypotheses using quantitative checks"
      },
      {
        "task": "generate_creatives",
        "description": "Suggest new creative directions for low-CTR campaigns"
      },
      {
        "task": "compile_report",
        "description": "Write final marketing insights report"
      }
    ]
  },
  "summary": {
    "timeseries": [
      {
        "date": "2025-01-01T00:00:00",
        "spend": 21427.75,
        "impressions": 11411336,
        "clicks": 153799.0,
        "purchases": 3266,
        "revenue": 112993.75,
        "ctr": 0.013477738277095688,
        "roas": 5.273243807679294
      },
      {
        "date": "2025-01-02T00:00:00",
        "spend": 24977.68,
        "impressions": 14673489,
        "clicks": 198268.0,
        "purchases": 4431,
        "revenue": 158374.54,
        "ctr": 0.013511987503449247,
        "roas": 6.3406425256468975
      },
      {
        "date": "2025-01-03T00:00:00",
        "spend": 24362.07,
        "impressions": 12948791,
        "clicks": 176331.0,
        "purchases": 4141,
        "revenue": 131669.13,
        "ctr": 0.013617564759520792,
        "roas": 5.404677435045544
      },
      {
        "date": "2025-01-04T00:00:00",
        "spend": 23681.91,
        "impressions": 14654372,
        "clicks": 192174.0,
        "purchases": 4179,
        "revenue": 160393.11,
        "ctr": 0.013113765639360049,
        "roas": 6.772811399080563
      },
      {
        "date": "2025-01-05T00:00:00",
        "spend": 21452.16,
        "impressions": 10413712,
        "clicks": 128574.0,
        "purchases": 3297,
        "revenue": 112283.65,
        "ctr": 0.012346606090124251,
        "roas": 5.2341419232375666
      },
      {
        "date": "2025-01-06T00:00:00",
        "spend": 22832.64,
        "impressions": 14849166,
        "clicks": 209855.0,
        "purchases": 4558,
        "revenue": 152838.61,
        "ctr": 0.014132443532518931,
        "roas": 6.693865010791568
      },
      {
        "date": "2025-01-07T00:00:00",
        "spend": 27264.27,
        "impressions": 14196163,
        "clicks": 188972.0,
        "purchases": 4069,
        "revenue": 141374.86,
        "ctr": 0.013311484236973047,
        "roas": 5.185352844583772
      },
      {
        "date": "2025-01-08T00:00:00",
        "spend": 22486.32,
        "impressions": 11841690,
        "clicks": 157701.0,
        "purchases": 3505,
        "revenue": 124789.51,
        "ctr": 0.013317440331574294,
        "roas": 5.549574585792606
      },
      {
        "date": "2025-01-09T00:00:00",
        "spend": 23333.18,
        "impressions": 13806167,
        "clicks": 167889.0,
        "purchases": 4298,
        "revenue": 154377.79,
        "ctr": 0.012160435260561459,
        "roas": 6.616234478112285
      },
      {
        "date": "2025-01-10T00:00:00",
        "spend": 21488.670000000002,
        "impressions": 13382291,
        "clicks": 175471.0,
        "purchases": 4343,
        "revenue": 148442.54,
        "ctr": 0.013112179371977489,
        "roas": 6.907944512154544
      },
      {
        "date": "2025-01-11T00:00:00",
        "spend": 23448.06,
        "impressions": 13188327,
        "clicks": 169103.0,
        "purchases": 3618,
        "revenue": 142372.05,
        "ctr": 0.012822172213352004,
        "roas": 6.071805087499775
      },
      {
        "date": "2025-01-12T00:00:00",
        "spend": 21983.26,
        "impressions": 12878237,
        "clicks": 183532.0,
        "purchases": 4389,
        "revenue": 145147.63999999998,
        "ctr": 0.014251329588048426,
        "roas": 6.602644011852655
      },
      {
        "date": "2025-01-13T00:00:00",
        "spend": 23406.43,
        "impressions": 12477098,
        "clicks": 149038.0,
        "purchases": 3803,
        "revenue": 141927.71,
        "ctr": 0.011944925013813308,
        "roas": 6.063620552130333
      },
      {
        "date": "2025-01-14T00:00:00",
        "spend": 21770.0,
        "impressions": 14146008,
        "clicks": 186543.0,
        "purchases": 3758,
        "revenue": 149918.98,
        "ctr": 0.01318697119356924,
        "roas": 6.886494258153423
      },
      {
        "date": "2025-01-15T00:00:00",
        "spend": 22334.87,
        "impressions": 13038543,
        "clicks": 141539.0,
        "purchases": 2999,
        "revenue": 114368.58,
        "ctr": 0.010855430702648295,
        "roas": 5.120628864193076
      },
      {
        "date": "2025-01-16T00:00:00",
        "spend": 24137.54,
        "impressions": 14753949,
        "clicks": 203820.0,
        "purchases": 5371,
        "revenue": 202860.05,
        "ctr": 0.013814606516533302,
        "roas": 8.404338221707762
      },
      {
        "date": "2025-01-17T00:00:00",
        "spend": 24424.28,
        "impressions": 12676562,
        "clicks": 172850.0,
        "purchases": 4007,
        "revenue": 137617.8,
        "ctr": 0.01363540051316753,
        "roas": 5.634467013971343
      },
      {
        "date": "2025-01-18T00:00:00",
        "spend": 24694.69,
        "impressions": 12124354,
        "clicks": 164826.0,
        "purchases": 3527,
        "revenue": 134224.95,
        "ctr": 0.013594621206210245,
        "roas": 5.435376998050999
      },
      {
        "date": "2025-01-19T00:00:00",
        "spend": 23494.84,
        "impressions": 13742209,
        "clicks": 164881.0,
        "purchases": 3615,
        "revenue": 121143.91,
        "ctr": 0.011998143820982493,
        "roas": 5.156192168152667
      },
      {
        "date": "2025-01-20T00:00:00",
        "spend": 23323.13,
        "impressions": 12299802,
        "clicks": 163224.0,
        "purchases": 3285,
        "revenue": 123207.25,
        "ctr": 0.013270457524438199,
        "roas": 5.282620728864436
      },
      {
        "date": "2025-01-21T00:00:00",
        "spend": 21521.1,
        "impressions": 12743429,
        "clicks": 177336.0,
        "purchases": 4044,
        "revenue": 157938.67,
        "ctr": 0.013915877743737577,
        "roas": 7.338782404245137
      },
      {
        "date": "2025-01-22T00:00:00",
        "spend": 25039.07,
        "impressions": 14204909,
        "clicks": 167796.0,
        "purchases": 4055,
        "revenue": 144086.32,
        "ctr": 0.01181253607467672,
        "roas": 5.754459730333435
      },
      {
        "date": "2025-01-23T00:00:00",
        "spend": 19219.72,
        "impressions": 14470590,
        "clicks": 187933.0,
        "purchases": 4136,
        "revenue": 156702.87,
        "ctr": 0.01298723825358883,
        "roas": 8.153233761990288
      },
      {
        "date": "2025-01-24T00:00:00",
        "spend": 22237.09,
        "impressions": 13671050,
        "clicks": 160381.0,
        "purchases": 3761,
        "revenue": 132932.19,
        "ctr": 0.011731432479582768,
        "roas": 5.977949003219396
      },
      {
        "date": "2025-01-25T00:00:00",
        "spend": 23520.64,
        "impressions": 11997310,
        "clicks": 159462.0,
        "purchases": 3513,
        "revenue": 133792.81,
        "ctr": 0.013291479506656075,
        "roas": 5.688315028842752
      },
      {
        "date": "2025-01-26T00:00:00",
        "spend": 24340.9,
        "impressions": 12134798,
        "clicks": 140976.0,
        "purchases": 3233,
        "revenue": 114985.23,
        "ctr": 0.01161749870084364,
        "roas": 4.72395145619102
      },
      {
        "date": "2025-01-27T00:00:00",
        "spend": 22657.29,
        "impressions": 12466690,
        "clicks": 157967.0,
        "purchases": 4070,
        "revenue": 150949.68,
        "ctr": 0.01267112601660906,
        "roas": 6.662300742939689
      },
      {
        "date": "2025-01-28T00:00:00",
        "spend": 26817.12,
        "impressions": 13663644,
        "clicks": 193507.0,
        "purchases": 4594,
        "revenue": 169931.82,
        "ctr": 0.014162181040431088,
        "roas": 6.336691635790868
      },
      {
        "date": "2025-01-29T00:00:00",
        "spend": 22075.23,
        "impressions": 12518893,
        "clicks": 173224.0,
        "purchases": 3891,
        "revenue": 135832.75,
        "ctr": 0.013837006195356091,
        "roas": 6.153174848008379
      },
      {
        "date": "2025-01-30T00:00:00",
        "spend": 20642.77,
        "impressions": 12267140,
        "clicks": 162360.0,
        "purchases": 3362,
        "revenue": 112185.29,
        "ctr": 0.01323535885300078,
        "roas": 5.43460446442023
      },
      {
        "date": "2025-01-31T00:00:00",
        "spend": 22558.07,
        "impressions": 13318413,
        "clicks": 179798.0,
        "purchases": 3828,
        "revenue": 141078.52,
        "ctr": 0.013499956789145975,
        "roas": 6.254015525264351
      },
      {
        "date": "2025-02-01T00:00:00",
        "spend": 26558.51,
        "impressions": 13059448,
        "clicks": 161748.0,
        "purchases": 3248,
        "revenue": 105600.44,
        "ctr": 0.012385515834972504,
        "roas": 3.976143239963387
      },
      {
        "date": "2025-02-02T00:00:00",
        "spend": 26672.64,
        "impressions": 13551991,
        "clicks": 159287.0,
        "purchases": 3951,
        "revenue": 126644.28,
        "ctr": 0.011753771087953054,
        "roas": 4.748096926288511
      },
      {
        "date": "2025-02-03T00:00:00",
        "spend": 21338.27,
        "impressions": 15641075,
        "clicks": 221720.0,
        "purchases": 5103,
        "revenue": 177677.83,
        "ctr": 0.014175496249458557,
        "roas": 8.326721425870044
      },
      {
        "date": "2025-02-04T00:00:00",
        "spend": 23080.489999999998,
        "impressions": 14445629,
        "clicks": 183158.0,
        "purchases": 3912,
        "revenue": 135232.68,
        "ctr": 0.012679129444623006,
        "roas": 5.859177166515963
      },
      {
        "date": "2025-02-05T00:00:00",
        "spend": 22725.08,
        "impressions": 12205413,
        "clicks": 154447.0,
        "purchases": 3270,
        "revenue": 137439.05,
        "ctr": 0.012653975740108098,
        "roas": 6.047901701556166
      },
      {
        "date": "2025-02-06T00:00:00",
        "spend": 23000.92,
        "impressions": 12079836,
        "clicks": 158188.0,
        "purchases": 3223,
        "revenue": 115250.11,
        "ctr": 0.013095210895247253,
        "roas": 5.010673920869253
      },
      {
        "date": "2025-02-07T00:00:00",
        "spend": 21997.27,
        "impressions": 12078379,
        "clicks": 145207.0,
        "purchases": 2889,
        "revenue": 112580.08,
        "ctr": 0.012022060245004731,
        "roas": 5.117911449920831
      },
      {
        "date": "2025-02-08T00:00:00",
        "spend": 22576.54,
        "impressions": 12317920,
        "clicks": 160351.0,
        "purchases": 3551,
        "revenue": 118427.5,
        "ctr": 0.013017701040435398,
        "roas": 5.2456000786657295
      },
      {
        "date": "2025-02-09T00:00:00",
        "spend": 27864.51,
        "impressions": 13211980,
        "clicks": 175445.0,
        "purchases": 3411,
        "revenue": 133935.44,
        "ctr": 0.013279235966145877,
        "roas": 4.8066676930618915
      },
      {
        "date": "2025-02-10T00:00:00",
        "spend": 24390.14,
        "impressions": 12938164,
        "clicks": 164689.0,
        "purchases": 3624,
        "revenue": 148611.83,
        "ctr": 0.012728931245577038,
        "roas": 6.093110986652802
      },
      {
        "date": "2025-02-11T00:00:00",
        "spend": 20370.37,
        "impressions": 12802129,
        "clicks": 152814.0,
        "purchases": 3774,
        "revenue": 129496.76,
        "ctr": 0.011936608356313235,
        "roas": 6.3571137883111595
      },
      {
        "date": "2025-02-12T00:00:00",
        "spend": 20659.93,
        "impressions": 13246877,
        "clicks": 172576.0,
        "purchases": 4220,
        "revenue": 153406.09,
        "ctr": 0.013027674371853834,
        "roas": 7.425295729462781
      },
      {
        "date": "2025-02-13T00:00:00",
        "spend": 23491.690000000002,
        "impressions": 12503197,
        "clicks": 159939.0,
        "purchases": 3738,
        "revenue": 136941.92,
        "ctr": 0.012791848356864248,
        "roas": 5.829377111650971
      },
      {
        "date": "2025-02-14T00:00:00",
        "spend": 26486.38,
        "impressions": 12801703,
        "clicks": 159116.0,
        "purchases": 3840,
        "revenue": 150752.12,
        "ctr": 0.01242928382262891,
        "roas": 5.69168455636444
      },
      {
        "date": "2025-02-15T00:00:00",
        "spend": 23232.61,
        "impressions": 12864061,
        "clicks": 163497.0,
        "purchases": 3761,
        "revenue": 121965.74,
        "ctr": 0.012709594582923697,
        "roas": 5.249764877902225
      },
      {
        "date": "2025-02-16T00:00:00",
        "spend": 21439.03,
        "impressions": 12477519,
        "clicks": 156112.0,
        "purchases": 3809,
        "revenue": 133012.61,
        "ctr": 0.012511461613482617,
        "roas": 6.204227056914422
      },
      {
        "date": "2025-02-17T00:00:00",
        "spend": 22758.4,
        "impressions": 13830813,
        "clicks": 179432.0,
        "purchases": 4288,
        "revenue": 140051.75,
        "ctr": 0.012973351602685973,
        "roas": 6.15384868883577
      },
      {
        "date": "2025-02-18T00:00:00",
        "spend": 24579.29,
        "impressions": 12822465,
        "clicks": 153133.0,
        "purchases": 3683,
        "revenue": 133845.78,
        "ctr": 0.011942555507072938,
        "roas": 5.445469743023496
      },
      {
        "date": "2025-02-19T00:00:00",
        "spend": 22790.81,
        "impressions": 13924389,
        "clicks": 178190.0,
        "purchases": 3705,
        "revenue": 132859.91,
        "ctr": 0.012796970840156793,
        "roas": 5.82953874829372
      },
      {
        "date": "2025-02-20T00:00:00",
        "spend": 23633.85,
        "impressions": 14024242,
        "clicks": 171656.0,
        "purchases": 4266,
        "revenue": 138739.31,
        "ctr": 0.012239948512012272,
        "roas": 5.870364329129617
      },
      {
        "date": "2025-02-21T00:00:00",
        "spend": 23136.45,
        "impressions": 15313706,
        "clicks": 201731.0,
        "purchases": 4610,
        "revenue": 167211.57,
        "ctr": 0.013173231874766303,
        "roas": 7.22719215782888
      },
      {
        "date": "2025-02-22T00:00:00",
        "spend": 28252.22,
        "impressions": 15530447,
        "clicks": 186896.0,
        "purchases": 5033,
        "revenue": 181384.8,
        "ctr": 0.012034167464722682,
        "roas": 6.420196359790487
      },
      {
        "date": "2025-02-23T00:00:00",
        "spend": 25407.87,
        "impressions": 13443855,
        "clicks": 153040.0,
        "purchases": 3563,
        "revenue": 141209.9,
        "ctr": 0.011383639588496008,
        "roas": 5.55772286303417
      },
      {
        "date": "2025-02-24T00:00:00",
        "spend": 24363.54,
        "impressions": 13345983,
        "clicks": 160499.0,
        "purchases": 3784,
        "revenue": 138484.28,
        "ctr": 0.012026015618332497,
        "roas": 5.6840787504607295
      },
      {
        "date": "2025-02-25T00:00:00",
        "spend": 25051.86,
        "impressions": 13379656,
        "clicks": 169629.0,
        "purchases": 3642,
        "revenue": 140085.8,
        "ctr": 0.012678128645459943,
        "roas": 5.59183230307051
      },
      {
        "date": "2025-02-26T00:00:00",
        "spend": 21302.37,
        "impressions": 14291846,
        "clicks": 172638.0,
        "purchases": 3993,
        "revenue": 141748.77,
        "ctr": 0.012079475247634211,
        "roas": 6.654131441712823
      },
      {
        "date": "2025-02-27T00:00:00",
        "spend": 22180.73,
        "impressions": 14658650,
        "clicks": 168854.0,
        "purchases": 3546,
        "revenue": 144888.22,
        "ctr": 0.011519068945639605,
        "roas": 6.5321664345582855
      },
      {
        "date": "2025-02-28T00:00:00",
        "spend": 25415.47,
        "impressions": 13826406,
        "clicks": 189509.0,
        "purchases": 3980,
        "revenue": 117683.86,
        "ctr": 0.013706309506606416,
        "roas": 4.630402664204125
      },
      {
        "date": "2025-03-01T00:00:00",
        "spend": 26526.77,
        "impressions": 12913729,
        "clicks": 165962.0,
        "purchases": 3618,
        "revenue": 136675.88,
        "ctr": 0.0128515938347475,
        "roas": 5.1523755059511585
      },
      {
        "date": "2025-03-02T00:00:00",
        "spend": 20735.23,
        "impressions": 13573116,
        "clicks": 171046.0,
        "purchases": 4093,
        "revenue": 143869.24,
        "ctr": 0.012601822602857,
        "roas": 6.938396149934194
      },
      {
        "date": "2025-03-03T00:00:00",
        "spend": 23798.82,
        "impressions": 13482813,
        "clicks": 160880.0,
        "purchases": 3879,
        "revenue": 123047.37,
        "ctr": 0.011932228089197706,
        "roas": 5.170313906319725
      },
      {
        "date": "2025-03-04T00:00:00",
        "spend": 24186.6,
        "impressions": 10891763,
        "clicks": 137464.0,
        "purchases": 3342,
        "revenue": 128368.63,
        "ctr": 0.012620913620687487,
        "roas": 5.307427666559169
      },
      {
        "date": "2025-03-05T00:00:00",
        "spend": 27146.75,
        "impressions": 15118812,
        "clicks": 201653.0,
        "purchases": 4284,
        "revenue": 154114.55,
        "ctr": 0.013337886601143,
        "roas": 5.677090259423319
      },
      {
        "date": "2025-03-06T00:00:00",
        "spend": 22098.94,
        "impressions": 11438708,
        "clicks": 138864.0,
        "purchases": 3233,
        "revenue": 113896.45000000001,
        "ctr": 0.012139832575497164,
        "roas": 5.153932722564974
      },
      {
        "date": "2025-03-07T00:00:00",
        "spend": 23091.4,
        "impressions": 13376525,
        "clicks": 159864.0,
        "purchases": 3560,
        "revenue": 122364.05,
        "ctr": 0.011951085950947649,
        "roas": 5.2991178533999665
      },
      {
        "date": "2025-03-08T00:00:00",
        "spend": 24050.98,
        "impressions": 13177531,
        "clicks": 170010.0,
        "purchases": 3284,
        "revenue": 128559.01000000001,
        "ctr": 0.01290150635957525,
        "roas": 5.345271169823434
      },
      {
        "date": "2025-03-09T00:00:00",
        "spend": 21425.61,
        "impressions": 14261064,
        "clicks": 181795.0,
        "purchases": 4382,
        "revenue": 154300.04,
        "ctr": 0.0127476463186758,
        "roas": 7.201663803270946
      },
      {
        "date": "2025-03-10T00:00:00",
        "spend": 20464.38,
        "impressions": 10782215,
        "clicks": 129835.0,
        "purchases": 2892,
        "revenue": 109697.48,
        "ctr": 0.012041588857206057,
        "roas": 5.360410625682283
      },
      {
        "date": "2025-03-11T00:00:00",
        "spend": 26418.4,
        "impressions": 14575657,
        "clicks": 180138.0,
        "purchases": 4037,
        "revenue": 162753.22,
        "ctr": 0.012358825403204808,
        "roas": 6.160600944796051
      },
      {
        "date": "2025-03-12T00:00:00",
        "spend": 21591.5,
        "impressions": 13539110,
        "clicks": 180065.0,
        "purchases": 4105,
        "revenue": 130470.51000000001,
        "ctr": 0.013299618660310758,
        "roas": 6.042679295092976
      },
      {
        "date": "2025-03-13T00:00:00",
        "spend": 22575.09,
        "impressions": 12969024,
        "clicks": 155371.0,
        "purchases": 3316,
        "revenue": 113550.83,
        "ctr": 0.011980161344446584,
        "roas": 5.029917045734923
      },
      {
        "date": "2025-03-14T00:00:00",
        "spend": 22374.84,
        "impressions": 10921061,
        "clicks": 135820.0,
        "purchases": 2698,
        "revenue": 103943.45,
        "ctr": 0.012436520590810728,
        "roas": 4.64555053801502
      },
      {
        "date": "2025-03-15T00:00:00",
        "spend": 20924.63,
        "impressions": 12718589,
        "clicks": 161777.0,
        "purchases": 3798,
        "revenue": 147991.04,
        "ctr": 0.0127197285799549,
        "roas": 7.072576193700916
      },
      {
        "date": "2025-03-16T00:00:00",
        "spend": 19521.4,
        "impressions": 14419285,
        "clicks": 183547.0,
        "purchases": 3933,
        "revenue": 141778.13,
        "ctr": 0.012729271943789169,
        "roas": 7.262702982368068
      },
      {
        "date": "2025-03-17T00:00:00",
        "spend": 26345.98,
        "impressions": 13242798,
        "clicks": 179999.0,
        "purchases": 4151,
        "revenue": 158850.09,
        "ctr": 0.013592218200413538,
        "roas": 6.029386266899163
      },
      {
        "date": "2025-03-18T00:00:00",
        "spend": 23318.06,
        "impressions": 14789543,
        "clicks": 182746.0,
        "purchases": 3733,
        "revenue": 142353.7,
        "ctr": 0.012356433190667216,
        "roas": 6.104868929919556
      },
      {
        "date": "2025-03-19T00:00:00",
        "spend": 26025.78,
        "impressions": 12786830,
        "clicks": 138176.0,
        "purchases": 3700,
        "revenue": 128111.65,
        "ctr": 0.01080611848284524,
        "roas": 4.922490315371912
      },
      {
        "date": "2025-03-20T00:00:00",
        "spend": 24941.62,
        "impressions": 13234467,
        "clicks": 152399.0,
        "purchases": 3661,
        "revenue": 127089.29000000001,
        "ctr": 0.011515310741263702,
        "roas": 5.095470542811574
      },
      {
        "date": "2025-03-21T00:00:00",
        "spend": 22962.32,
        "impressions": 13422762,
        "clicks": 142169.0,
        "purchases": 3630,
        "revenue": 126983.57,
        "ctr": 0.01059163531320901,
        "roas": 5.5300845036564255
      },
      {
        "date": "2025-03-22T00:00:00",
        "spend": 22974.04,
        "impressions": 14801761,
        "clicks": 185793.0,
        "purchases": 4031,
        "revenue": 146510.37,
        "ctr": 0.012552087552285164,
        "roas": 6.3772140206946615
      },
      {
        "date": "2025-03-23T00:00:00",
        "spend": 20082.41,
        "impressions": 12121012,
        "clicks": 148563.0,
        "purchases": 3838,
        "revenue": 126806.86,
        "ctr": 0.012256649857289144,
        "roas": 6.314324824560399
      },
      {
        "date": "2025-03-24T00:00:00",
        "spend": 26261.239999999998,
        "impressions": 13719563,
        "clicks": 154921.0,
        "purchases": 2924,
        "revenue": 110139.69,
        "ctr": 0.011291977740107319,
        "roas": 4.194001882622451
      },
      {
        "date": "2025-03-25T00:00:00",
        "spend": 22262.75,
        "impressions": 12748396,
        "clicks": 158941.0,
        "purchases": 3809,
        "revenue": 129957.05,
        "ctr": 0.012467529248385444,
        "roas": 5.83742125298986
      },
      {
        "date": "2025-03-26T00:00:00",
        "spend": 24592.22,
        "impressions": 14435368,
        "clicks": 182136.0,
        "purchases": 3598,
        "revenue": 130563.3,
        "ctr": 0.012617343735192618,
        "roas": 5.309130285919693
      },
      {
        "date": "2025-03-27T00:00:00",
        "spend": 22907.85,
        "impressions": 12289995,
        "clicks": 165494.0,
        "purchases": 3442,
        "revenue": 125314.66,
        "ctr": 0.013465749986065902,
        "roas": 5.470380677366056
      },
      {
        "date": "2025-03-28T00:00:00",
        "spend": 20926.73,
        "impressions": 12654404,
        "clicks": 159791.0,
        "purchases": 3547,
        "revenue": 124076.03,
        "ctr": 0.012627303506352413,
        "roas": 5.929069185677839
      },
      {
        "date": "2025-03-29T00:00:00",
        "spend": 22646.14,
        "impressions": 12525118,
        "clicks": 145774.0,
        "purchases": 3540,
        "revenue": 125341.48,
        "ctr": 0.011638533066115625,
        "roas": 5.5347834112126835
      },
      {
        "date": "2025-03-30T00:00:00",
        "spend": 26046.53,
        "impressions": 12526575,
        "clicks": 154961.0,
        "purchases": 3560,
        "revenue": 115855.20999999999,
        "ctr": 0.012370580146608311,
        "roas": 4.44800938935052
      },
      {
        "date": "2025-03-31T00:00:00",
        "spend": 24644.9,
        "impressions": 13202008,
        "clicks": 162679.0,
        "purchases": 3163,
        "revenue": 116456.9,
        "ctr": 0.012322292184643428,
        "roas": 4.725395517936773
      }
    ],
    "campaign_summary": [
      {
        "campaign_name": " OMEN  Cotton  Classics",
        "spend": 200.7,
        "impressions": 181730,
        "clicks": 1862.0,
        "purchases": 68,
        "revenue": 1974.87,
        "ctr": 0.010245969295108128,
        "roas": 9.839910313901346
      },
      {
        "campaign_name": " OMEN COTTON CLASSICS",
        "spend": 394.93,
        "impressions": 22171,
        "clicks": 168.0,
        "purchases": 5,
        "revenue": 127.29,
        "ctr": 0.0075774660592666096,
        "roas": 0.3223102828349328
      },
      {
        "campaign_name": " en Premium Modal",
        "spend": 730.44,
        "impressions": 406432,
        "clicks": 5858.0,
        "purchases": 115,
        "revenue": 3403.89,
        "ctr": 0.014413235178332415,
        "roas": 4.660054213898472
      },
      {
        "campaign_name": " omen Summer Invisible",
        "spend": 406.35,
        "impressions": 108020,
        "clicks": 1381.0,
        "purchases": 30,
        "revenue": 717.99,
        "ctr": 0.012784669505647103,
        "roas": 1.7669250645994832
      },
      {
        "campaign_name": "-EN Signature Soft",
        "spend": 285.83,
        "impressions": 472257,
        "clicks": 7141.0,
        "purchases": 0,
        "revenue": 1089.87,
        "ctr": 0.015121004029585586,
        "roas": 3.8130007347024453
      },
      {
        "campaign_name": "-omen summer invisible",
        "spend": 340.62,
        "impressions": 484962,
        "clicks": 8414.0,
        "purchases": 183,
        "revenue": 7957.32,
        "ctr": 0.01734981297503722,
        "roas": 23.361282367447593
      },
      {
        "campaign_name": "-omen-Studio Sports",
        "spend": 149.07,
        "impressions": 282750,
        "clicks": 2704.0,
        "purchases": 101,
        "revenue": 4395.38,
        "ctr": 0.009563218390804597,
        "roas": 29.485342456564034
      },
      {
        "campaign_name": "-omen_|_Studio_Sports",
        "spend": 135.68,
        "impressions": 369667,
        "clicks": 4228.0,
        "purchases": 113,
        "revenue": 3562.84,
        "ctr": 0.01143732061558105,
        "roas": 26.259139150943398
      },
      {
        "campaign_name": "M-n Bold Colors Drop",
        "spend": 929.05,
        "impressions": 303822,
        "clicks": 2317.0,
        "purchases": 22,
        "revenue": 656.44,
        "ctr": 0.007626175852966539,
        "roas": 0.7065712286744525
      },
      {
        "campaign_name": "ME  Signature Soft",
        "spend": 560.52,
        "impressions": 157611,
        "clicks": 3235.0,
        "purchases": 24,
        "revenue": 1016.27,
        "ctr": 0.020525217148549275,
        "roas": 1.8130842788838935
      },
      {
        "campaign_name": "ME- PREMIUM MODAL",
        "spend": 444.45,
        "impressions": 92535,
        "clicks": 1084.0,
        "purchases": 22,
        "revenue": 637.02,
        "ctr": 0.01171448641054736,
        "roas": 1.4332770840364495
      },
      {
        "campaign_name": "MEN  Si-nature  Soft",
        "spend": 979.15,
        "impressions": 237891,
        "clicks": 4443.0,
        "purchases": 26,
        "revenue": 955.35,
        "ctr": 0.01867662080532681,
        "roas": 0.9756932032885667
      },
      {
        "campaign_name": "MEN  Signature  Soft",
        "spend": 28247.21,
        "impressions": 15539622,
        "clicks": 210962.0,
        "purchases": 1241,
        "revenue": 42118.23,
        "ctr": 0.013575748496327646,
        "roas": 1.4910580549371073
      },
      {
        "campaign_name": "MEN  Signture  Soft",
        "spend": 448.31,
        "impressions": 285644,
        "clicks": 1575.0,
        "purchases": 8,
        "revenue": 145.75,
        "ctr": 0.005513856408676535,
        "roas": 0.3251098570185809
      },
      {
        "campaign_name": "MEN -ignature Soft",
        "spend": 1435.17,
        "impressions": 511435,
        "clicks": 6972.0,
        "purchases": 36,
        "revenue": 1139.82,
        "ctr": 0.013632230879779444,
        "roas": 0.7942055644975856
      },
      {
        "campaign_name": "MEN B LD COLORS DROP",
        "spend": 89.03,
        "impressions": 42524,
        "clicks": 381.0,
        "purchases": 3,
        "revenue": 124.32,
        "ctr": 0.008959646317373718,
        "roas": 1.3963832416039537
      },
      {
        "campaign_name": "MEN BLD COLORS DROP",
        "spend": 248.65,
        "impressions": 40658,
        "clicks": 411.0,
        "purchases": 4,
        "revenue": 99.83,
        "ctr": 0.010108711692655812,
        "roas": 0.401488035391112
      },
      {
        "campaign_name": "MEN BOL COLORS DROP",
        "spend": 388.09,
        "impressions": 122505,
        "clicks": 554.0,
        "purchases": 7,
        "revenue": 215.12,
        "ctr": 0.004522264397371536,
        "roas": 0.5543044139246052
      },
      {
        "campaign_name": "MEN BOLD  OLORS DROP",
        "spend": 728.66,
        "impressions": 223404,
        "clicks": 1367.0,
        "purchases": 15,
        "revenue": 296.66,
        "ctr": 0.006118959374048809,
        "roas": 0.40713089781242284
      },
      {
        "campaign_name": "MEN BOLD COL RS DROP",
        "spend": 656.16,
        "impressions": 166452,
        "clicks": 896.0,
        "purchases": 8,
        "revenue": 181.87,
        "ctr": 0.005382933217984764,
        "roas": 0.2771732504267252
      },
      {
        "campaign_name": "MEN BOLD COLORS DROP",
        "spend": 29930.05,
        "impressions": 16229885,
        "clicks": 143262.0,
        "purchases": 1573,
        "revenue": 50150.72,
        "ctr": 0.00882704960632808,
        "roas": 1.6755976017413938
      },
      {
        "campaign_name": "MEN COMF RTMAX LAUNCH",
        "spend": 433.8,
        "impressions": 79419,
        "clicks": 1290.0,
        "purchases": 41,
        "revenue": 1624.25,
        "ctr": 0.016242964529898388,
        "roas": 3.7442369755647764
      },
      {
        "campaign_name": "MEN COMFORTMA LAUNCH",
        "spend": 784.31,
        "impressions": 43599,
        "clicks": 416.0,
        "purchases": 8,
        "revenue": 173.0,
        "ctr": 0.009541503245487281,
        "roas": 0.22057604773622677
      },
      {
        "campaign_name": "MEN COMFORTMAX  AUNCH",
        "spend": 536.17,
        "impressions": 484047,
        "clicks": 8458.0,
        "purchases": 192,
        "revenue": 5122.63,
        "ctr": 0.017473509803800046,
        "roas": 9.554115299252103
      },
      {
        "campaign_name": "MEN COMFORTMAX LAUNCH",
        "spend": 20409.76,
        "impressions": 9916109,
        "clicks": 160174.0,
        "purchases": 3720,
        "revenue": 128722.78,
        "ctr": 0.016152908363552678,
        "roas": 6.30692276636276
      },
      {
        "campaign_name": "MEN PREM-UM MODAL",
        "spend": 470.42,
        "impressions": 478089,
        "clicks": 7016.0,
        "purchases": 220,
        "revenue": 9225.27,
        "ctr": 0.014675091876198783,
        "roas": 19.610709578674378
      },
      {
        "campaign_name": "MEN PREMIUM -ODAL",
        "spend": 69.39,
        "impressions": 381178,
        "clicks": 5003.0,
        "purchases": 145,
        "revenue": 6198.46,
        "ctr": 0.013125101658542727,
        "roas": 89.3278570399193
      },
      {
        "campaign_name": "MEN PREMIUM MOD-L",
        "spend": 668.65,
        "impressions": 67126,
        "clicks": 383.0,
        "purchases": 9,
        "revenue": 226.24,
        "ctr": 0.005705687810982332,
        "roas": 0.33835339863904884
      },
      {
        "campaign_name": "MEN PREMIUM MODAL",
        "spend": 22443.82,
        "impressions": 15730131,
        "clicks": 167180.0,
        "purchases": 4196,
        "revenue": 148022.97,
        "ctr": 0.010628010663102552,
        "roas": 6.595266313844969
      },
      {
        "campaign_name": "MEN SIGATURE SOFT",
        "spend": 263.7,
        "impressions": 25797,
        "clicks": 421.0,
        "purchases": 3,
        "revenue": 95.63,
        "ctr": 0.016319727100050394,
        "roas": 0.3626469472885855
      },
      {
        "campaign_name": "MEN SIGNATUR  SOFT",
        "spend": 259.51,
        "impressions": 186194,
        "clicks": 2733.0,
        "purchases": 14,
        "revenue": 426.16,
        "ctr": 0.014678238826170554,
        "roas": 1.6421717852876576
      },
      {
        "campaign_name": "MEN SIGNATURE S-FT",
        "spend": 689.37,
        "impressions": 320385,
        "clicks": 4545.0,
        "purchases": 26,
        "revenue": 1022.93,
        "ctr": 0.014186057399690997,
        "roas": 1.4838620769688264
      },
      {
        "campaign_name": "MEN SIGNATURE SOFT",
        "spend": 24347.66,
        "impressions": 15803502,
        "clicks": 224796.0,
        "purchases": 1307,
        "revenue": 40592.21,
        "ctr": 0.014224442152125523,
        "roas": 1.6671914261986573
      },
      {
        "campaign_name": "MEN SIGNATURE SOT",
        "spend": 375.57,
        "impressions": 377638,
        "clicks": 4444.0,
        "purchases": 28,
        "revenue": 0.0,
        "ctr": 0.011767883528670314,
        "roas": 0.0
      },
      {
        "campaign_name": "MEN Si nature Soft",
        "spend": 282.92,
        "impressions": 147761,
        "clicks": 2412.0,
        "purchases": 14,
        "revenue": 481.43,
        "ctr": 0.016323657798742564,
        "roas": 1.701647108723314
      },
      {
        "campaign_name": "MEN Sigature Soft",
        "spend": 782.58,
        "impressions": 473684,
        "clicks": 6974.0,
        "purchases": 51,
        "revenue": 1246.79,
        "ctr": 0.01472289543239797,
        "roas": 1.5931789721178664
      },
      {
        "campaign_name": "MEN Sign-ture Soft",
        "spend": 613.96,
        "impressions": 507897,
        "clicks": 7665.0,
        "purchases": 73,
        "revenue": 1603.4,
        "ctr": 0.015091642596825734,
        "roas": 2.6115707863704474
      },
      {
        "campaign_name": "MEN Signa-ure Soft",
        "spend": 653.05,
        "impressions": 138882,
        "clicks": 2988.0,
        "purchases": 13,
        "revenue": 584.95,
        "ctr": 0.021514667127489524,
        "roas": 0.8957200826889213
      },
      {
        "campaign_name": "MEN Signatre Soft",
        "spend": 596.78,
        "impressions": 435189,
        "clicks": 6485.0,
        "purchases": 45,
        "revenue": 1769.77,
        "ctr": 0.014901571501117905,
        "roas": 2.965531686718724
      },
      {
        "campaign_name": "MEN Signatu e Soft",
        "spend": 895.0,
        "impressions": 233855,
        "clicks": 3078.0,
        "purchases": 19,
        "revenue": 434.48,
        "ctr": 0.013162002095315473,
        "roas": 0.4854525139664805
      },
      {
        "campaign_name": "MEN Signatue Soft",
        "spend": 891.09,
        "impressions": 178094,
        "clicks": 2955.0,
        "purchases": 22,
        "revenue": 831.84,
        "ctr": 0.01659236133727133,
        "roas": 0.9335083998249335
      },
      {
        "campaign_name": "MEN Signature  oft",
        "spend": 761.92,
        "impressions": 398276,
        "clicks": 4911.0,
        "purchases": 25,
        "revenue": 1056.63,
        "ctr": 0.012330645080296077,
        "roas": 1.3867991390172199
      },
      {
        "campaign_name": "MEN Signature Sft",
        "spend": 435.57,
        "impressions": 209339,
        "clicks": 2666.0,
        "purchases": 18,
        "revenue": 659.53,
        "ctr": 0.012735324043775885,
        "roas": 1.514176825768533
      },
      {
        "campaign_name": "MEN Signature Soft",
        "spend": 79640.54,
        "impressions": 43747594,
        "clicks": 625181.0,
        "purchases": 3796,
        "revenue": 122760.92,
        "ctr": 0.014290637331963903,
        "roas": 1.5414375643359526
      },
      {
        "campaign_name": "MEN Signature Sot",
        "spend": 1245.63,
        "impressions": 388868,
        "clicks": 4790.0,
        "purchases": 34,
        "revenue": 1187.97,
        "ctr": 0.012317804499213101,
        "roas": 0.9537101707569663
      },
      {
        "campaign_name": "MEN Signature-Soft",
        "spend": 242.52,
        "impressions": 62545,
        "clicks": 1182.0,
        "purchases": 8,
        "revenue": 350.09,
        "ctr": 0.018898393156927012,
        "roas": 1.443551047336302
      },
      {
        "campaign_name": "MEN Sinature Soft",
        "spend": 427.61,
        "impressions": 321405,
        "clicks": 3152.0,
        "purchases": 21,
        "revenue": 812.01,
        "ctr": 0.009806941397924736,
        "roas": 1.8989499777834942
      },
      {
        "campaign_name": "MEN | ATHLEISURE COOLING",
        "spend": 22308.2,
        "impressions": 14371513,
        "clicks": 324502.0,
        "purchases": 10573,
        "revenue": 334368.66,
        "ctr": 0.022579529378709117,
        "roas": 14.988598811199468
      },
      {
        "campaign_name": "MEN | ATHLEISURECOOLING",
        "spend": 1031.07,
        "impressions": 162622,
        "clicks": 3733.0,
        "purchases": 114,
        "revenue": 0.0,
        "ctr": 0.022955073729261723,
        "roas": 0.0
      },
      {
        "campaign_name": "MEN-SIGNATURE SOFT",
        "spend": 1291.57,
        "impressions": 370840,
        "clicks": 4088.0,
        "purchases": 22,
        "revenue": 757.05,
        "ctr": 0.011023622047244094,
        "roas": 0.5861470922985204
      },
      {
        "campaign_name": "MEN_ ignature_Soft",
        "spend": 97.57,
        "impressions": 496057,
        "clicks": 10077.0,
        "purchases": 61,
        "revenue": 1489.12,
        "ctr": 0.02031419776356346,
        "roas": 15.262068258686071
      },
      {
        "campaign_name": "MEN_Si nature_Soft",
        "spend": 354.75,
        "impressions": 310376,
        "clicks": 4416.0,
        "purchases": 25,
        "revenue": 849.2,
        "ctr": 0.014227904219398407,
        "roas": 2.393798449612403
      },
      {
        "campaign_name": "MEN_Signa ure_Soft",
        "spend": 0.0,
        "impressions": 193660,
        "clicks": 3214.0,
        "purchases": 25,
        "revenue": 1124.53,
        "ctr": 0.01659609625116183,
        "roas": 1124.53
      },
      {
        "campaign_name": "MEN_Signatu e_Soft",
        "spend": 635.03,
        "impressions": 334090,
        "clicks": 4530.0,
        "purchases": 31,
        "revenue": 1309.85,
        "ctr": 0.01355922056930767,
        "roas": 2.062658457080768
      },
      {
        "campaign_name": "MEN_Signature_S ft",
        "spend": 794.41,
        "impressions": 123885,
        "clicks": 1470.0,
        "purchases": 9,
        "revenue": 262.48,
        "ctr": 0.01186584332243613,
        "roas": 0.33040873100791784
      },
      {
        "campaign_name": "MEN_Signature_Soft",
        "spend": 19002.31,
        "impressions": 10015869,
        "clicks": 154856.0,
        "purchases": 910,
        "revenue": 29618.52,
        "ctr": 0.015461064836211416,
        "roas": 1.5586799710140502
      },
      {
        "campaign_name": "MEN| ATHLEISURE COOLING",
        "spend": 456.94,
        "impressions": 95434,
        "clicks": 1620.0,
        "purchases": 33,
        "revenue": 1438.31,
        "ctr": 0.01697508225579982,
        "roas": 3.147699916838097
      },
      {
        "campaign_name": "Me   Premium  Modal",
        "spend": 653.41,
        "impressions": 403636,
        "clicks": 2454.0,
        "purchases": 75,
        "revenue": 1525.15,
        "ctr": 0.006079735206968655,
        "roas": 2.3341393611974106
      },
      {
        "campaign_name": "Me  Premium Modal",
        "spend": 425.5,
        "impressions": 510453,
        "clicks": 5375.0,
        "purchases": 119,
        "revenue": 2620.72,
        "ctr": 0.010529862690590515,
        "roas": 6.15915393654524
      },
      {
        "campaign_name": "Me- Premium Modal",
        "spend": 875.79,
        "impressions": 205972,
        "clicks": 2547.0,
        "purchases": 71,
        "revenue": 1452.7,
        "ctr": 0.012365758452605208,
        "roas": 1.658730974320328
      },
      {
        "campaign_name": "Me- | Athleisure Cooling",
        "spend": 529.16,
        "impressions": 450720,
        "clicks": 8002.0,
        "purchases": 291,
        "revenue": 8640.71,
        "ctr": 0.017753816116435926,
        "roas": 16.329106508428453
      },
      {
        "campaign_name": "Me-_Bold_Colors_Drop",
        "spend": 590.81,
        "impressions": 60036,
        "clicks": 696.0,
        "purchases": 6,
        "revenue": 249.92,
        "ctr": 0.011593044173495902,
        "roas": 0.4230124743995532
      },
      {
        "campaign_name": "Men   Athleisure Cooling",
        "spend": 182.87,
        "impressions": 76947,
        "clicks": 1654.0,
        "purchases": 59,
        "revenue": 1854.93,
        "ctr": 0.02149531495704836,
        "roas": 10.143435227210587
      },
      {
        "campaign_name": "Men   old  Colors  Drop",
        "spend": 156.85,
        "impressions": 436699,
        "clicks": 5762.0,
        "purchases": 91,
        "revenue": 3459.01,
        "ctr": 0.013194442854231405,
        "roas": 22.052980554670068
      },
      {
        "campaign_name": "Men  Bold  Colors  Drop",
        "spend": 25200.27,
        "impressions": 14668981,
        "clicks": 139367.0,
        "purchases": 1532,
        "revenue": 46525.79,
        "ctr": 0.009500796272079158,
        "roas": 1.8462417267751496
      },
      {
        "campaign_name": "Men  Bold  Coors  Drop",
        "spend": 359.02,
        "impressions": 21626,
        "clicks": 155.0,
        "purchases": 2,
        "revenue": 60.04,
        "ctr": 0.007167298622029039,
        "roas": 0.16723302322990363
      },
      {
        "campaign_name": "Men  C mfortMax  Launch",
        "spend": 940.72,
        "impressions": 414433,
        "clicks": 7660.0,
        "purchases": 233,
        "revenue": 6055.03,
        "ctr": 0.018483084117336217,
        "roas": 6.436591121694021
      },
      {
        "campaign_name": "Men  C-mfortMax  Launch",
        "spend": 195.59,
        "impressions": 501720,
        "clicks": 6845.0,
        "purchases": 181,
        "revenue": 4040.04,
        "ctr": 0.01364306784660767,
        "roas": 20.655657242190294
      },
      {
        "campaign_name": "Men  Co fortMax  Launch",
        "spend": 336.69,
        "impressions": 142442,
        "clicks": 1546.0,
        "purchases": 29,
        "revenue": 1150.77,
        "ctr": 0.0108535403883686,
        "roas": 3.4178918292791587
      },
      {
        "campaign_name": "Men  CofortMax  Launch",
        "spend": 241.81,
        "impressions": 73664,
        "clicks": 1707.0,
        "purchases": 51,
        "revenue": 1804.66,
        "ctr": 0.023172784535186793,
        "roas": 7.4631322112402305
      },
      {
        "campaign_name": "Men  Comf rtMax  Launch",
        "spend": 853.76,
        "impressions": 333371,
        "clicks": 4872.0,
        "purchases": 119,
        "revenue": 3109.0,
        "ctr": 0.014614348578610617,
        "roas": 3.6415386056971513
      },
      {
        "campaign_name": "Men  ComfortMa-  Launch",
        "spend": 711.98,
        "impressions": 218547,
        "clicks": 3372.0,
        "purchases": 87,
        "revenue": 2255.09,
        "ctr": 0.015429175417644717,
        "roas": 3.167350206466474
      },
      {
        "campaign_name": "Men  ComfortMax  Launch",
        "spend": 21547.23,
        "impressions": 13092448,
        "clicks": 187911.0,
        "purchases": 4726,
        "revenue": 139428.38,
        "ctr": 0.014352625269162802,
        "roas": 6.4708261804417555
      },
      {
        "campaign_name": "Men  Premium  Modal",
        "spend": 24709.82,
        "impressions": 13285756,
        "clicks": 143268.0,
        "purchases": 3349,
        "revenue": 124601.66,
        "ctr": 0.010783579045106654,
        "roas": 5.042596829924298
      },
      {
        "campaign_name": "Men  old  Colors  Drop",
        "spend": 246.1,
        "impressions": 409168,
        "clicks": 4123.0,
        "purchases": 50,
        "revenue": 1062.79,
        "ctr": 0.010076545575411567,
        "roas": 4.318529053230394
      },
      {
        "campaign_name": "Men  remium  Modal",
        "spend": 862.97,
        "impressions": 474405,
        "clicks": 6225.0,
        "purchases": 185,
        "revenue": 5821.75,
        "ctr": 0.013121699813450533,
        "roas": 6.746178893820179
      },
      {
        "campaign_name": "Men  remium Modal",
        "spend": 442.62,
        "impressions": 385452,
        "clicks": 4019.0,
        "purchases": 110,
        "revenue": 2783.46,
        "ctr": 0.010426719799093013,
        "roas": 6.28859970177579
      },
      {
        "campaign_name": "Men  |  Athlei ure  Cooling",
        "spend": 77.33,
        "impressions": 83906,
        "clicks": 1850.0,
        "purchases": 57,
        "revenue": 2313.52,
        "ctr": 0.022048482826019594,
        "roas": 29.917496443812233
      },
      {
        "campaign_name": "Men  |  Athleisure  Co ling",
        "spend": 375.98,
        "impressions": 365385,
        "clicks": 9144.0,
        "purchases": 323,
        "revenue": 9026.59,
        "ctr": 0.02502565786772856,
        "roas": 24.008165327942976
      },
      {
        "campaign_name": "Men  |  Athleisure  Coling",
        "spend": 455.41,
        "impressions": 57316,
        "clicks": 1148.0,
        "purchases": 25,
        "revenue": 620.68,
        "ctr": 0.020029311187103077,
        "roas": 1.362903757054083
      },
      {
        "campaign_name": "Men  |  Athleisure  Cooling",
        "spend": 21873.31,
        "impressions": 12467787,
        "clicks": 287853.0,
        "purchases": 9448,
        "revenue": 289654.87,
        "ctr": 0.023087738024398397,
        "roas": 13.242388554818634
      },
      {
        "campaign_name": "Men  |  Athleisure Cooling",
        "spend": 184.86,
        "impressions": 321485,
        "clicks": 8323.0,
        "purchases": 220,
        "revenue": 5889.46,
        "ctr": 0.025889232779134328,
        "roas": 31.85902845396516
      },
      {
        "campaign_name": "Men -old Colors Drop",
        "spend": 326.71,
        "impressions": 290072,
        "clicks": 2419.0,
        "purchases": 32,
        "revenue": 700.49,
        "ctr": 0.008339308861248241,
        "roas": 2.144072725046678
      },
      {
        "campaign_name": "Men -remium Modal",
        "spend": 301.88,
        "impressions": 67456,
        "clicks": 756.0,
        "purchases": 21,
        "revenue": 407.77,
        "ctr": 0.0112073055028463,
        "roas": 1.350768517291639
      },
      {
        "campaign_name": "Men -|  Athleisure  Cooling",
        "spend": 0.0,
        "impressions": 120672,
        "clicks": 0.0,
        "purchases": 103,
        "revenue": 3978.72,
        "ctr": 0.0,
        "roas": 3978.72
      },
      {
        "campaign_name": "Men B ld Colors Drop",
        "spend": 297.34,
        "impressions": 310514,
        "clicks": 3725.0,
        "purchases": 50,
        "revenue": 1777.55,
        "ctr": 0.011996238494882678,
        "roas": 5.9781731351315
      },
      {
        "campaign_name": "Men B-ld Colors Drop",
        "spend": 356.25,
        "impressions": 137218,
        "clicks": 909.0,
        "purchases": 12,
        "revenue": 325.46,
        "ctr": 0.006624495328601204,
        "roas": 0.9135719298245614
      },
      {
        "campaign_name": "Men Bol Colors Drop",
        "spend": 486.31,
        "impressions": 294602,
        "clicks": 2826.0,
        "purchases": 0,
        "revenue": 691.14,
        "ctr": 0.009592602901541741,
        "roas": 1.421192243630606
      },
      {
        "campaign_name": "Men Bold -olors Drop",
        "spend": 288.14,
        "impressions": 208052,
        "clicks": 1929.0,
        "purchases": 21,
        "revenue": 625.76,
        "ctr": 0.00927172053140561,
        "roas": 2.171722079544666
      },
      {
        "campaign_name": "Men Bold C-lors Drop",
        "spend": 1080.38,
        "impressions": 207047,
        "clicks": 2700.0,
        "purchases": 26,
        "revenue": 674.06,
        "ctr": 0.01304051737045212,
        "roas": 0.6239101057035487
      },
      {
        "campaign_name": "Men Bold Col-rs Drop",
        "spend": 58.25,
        "impressions": 367632,
        "clicks": 3085.0,
        "purchases": 49,
        "revenue": 931.43,
        "ctr": 0.008391543717630675,
        "roas": 15.990214592274677
      },
      {
        "campaign_name": "Men Bold Colo s Drop",
        "spend": 478.17,
        "impressions": 466682,
        "clicks": 5422.0,
        "purchases": 46,
        "revenue": 1789.55,
        "ctr": 0.011618189688053107,
        "roas": 3.742497438149612
      },
      {
        "campaign_name": "Men Bold Colo-s Drop",
        "spend": 314.4,
        "impressions": 287626,
        "clicks": 3547.0,
        "purchases": 50,
        "revenue": 1496.55,
        "ctr": 0.012331986677143235,
        "roas": 4.760019083969466
      },
      {
        "campaign_name": "Men Bold Color- Drop",
        "spend": 195.48,
        "impressions": 14882,
        "clicks": 169.0,
        "purchases": 2,
        "revenue": 62.96,
        "ctr": 0.011356000537562156,
        "roas": 0.3220789850624105
      },
      {
        "campaign_name": "Men Bold Colors  rop",
        "spend": 829.34,
        "impressions": 210987,
        "clicks": 2485.0,
        "purchases": 21,
        "revenue": 614.67,
        "ctr": 0.01177797684217511,
        "roas": 0.7411556177201147
      },
      {
        "campaign_name": "Men Bold Colors Dr p",
        "spend": 316.29,
        "impressions": 30932,
        "clicks": 275.0,
        "purchases": 3,
        "revenue": 74.35,
        "ctr": 0.008890469416785207,
        "roas": 0.23506908217142491
      },
      {
        "campaign_name": "Men Bold Colors Drop",
        "spend": 93111.31,
        "impressions": 53148455,
        "clicks": 440112.0,
        "purchases": 5090,
        "revenue": 161990.05,
        "ctr": 0.008280805152285235,
        "roas": 1.7397462241697597
      },
      {
        "campaign_name": "Men Bold Colors-Drop",
        "spend": 330.67,
        "impressions": 508533,
        "clicks": 6391.0,
        "purchases": 60,
        "revenue": 2326.44,
        "ctr": 0.012567522658313226,
        "roas": 7.03553391598875
      },
      {
        "campaign_name": "Men BoldColors Drop",
        "spend": 907.97,
        "impressions": 173827,
        "clicks": 1060.0,
        "purchases": 11,
        "revenue": 460.81,
        "ctr": 0.006098016993907736,
        "roas": 0.50751676817516
      },
      {
        "campaign_name": "Men Comf-rtMax Launch",
        "spend": 2126.04,
        "impressions": 1186683,
        "clicks": 17947.0,
        "purchases": 466,
        "revenue": 15404.82,
        "ctr": 0.015123668241644989,
        "roas": 7.245780888412259
      },
      {
        "campaign_name": "Men Comfo tMax Launch",
        "spend": 685.57,
        "impressions": 359404,
        "clicks": 5333.0,
        "purchases": 127,
        "revenue": 3916.82,
        "ctr": 0.014838454775127711,
        "roas": 5.713231325758128
      },
      {
        "campaign_name": "Men Comfo tmax Launch",
        "spend": 278.08,
        "impressions": 313219,
        "clicks": 6972.0,
        "purchases": 153,
        "revenue": 6758.64,
        "ctr": 0.022259186064702334,
        "roas": 24.304660529344076
      },
      {
        "campaign_name": "Men ComforMax Launch",
        "spend": 137.81,
        "impressions": 124070,
        "clicks": 2420.0,
        "purchases": 64,
        "revenue": 2877.14,
        "ctr": 0.01950511807850407,
        "roas": 20.877585080908496
      },
      {
        "campaign_name": "Men Comfort-ax Launch",
        "spend": 170.95,
        "impressions": 330875,
        "clicks": 5601.0,
        "purchases": 139,
        "revenue": 4829.13,
        "ctr": 0.016927842840952022,
        "roas": 28.2487861947938
      },
      {
        "campaign_name": "Men ComfortMax L unch",
        "spend": 793.98,
        "impressions": 343595,
        "clicks": 5307.0,
        "purchases": 117,
        "revenue": 4387.64,
        "ctr": 0.015445509975407093,
        "roas": 5.526134159550619
      },
      {
        "campaign_name": "Men ComfortMax Lau-ch",
        "spend": 643.79,
        "impressions": 302849,
        "clicks": 3728.0,
        "purchases": 94,
        "revenue": 2322.6099999999997,
        "ctr": 0.012309764932359031,
        "roas": 3.607713695459699
      },
      {
        "campaign_name": "Men ComfortMax Launch",
        "spend": 67303.07,
        "impressions": 39561220,
        "clicks": 593664.0,
        "purchases": 14781,
        "revenue": 454689.35,
        "ctr": 0.01500621062747812,
        "roas": 6.755848581647166
      },
      {
        "campaign_name": "Men ComfortMax Lunch",
        "spend": 0.0,
        "impressions": 157562,
        "clicks": 2038.0,
        "purchases": 55,
        "revenue": 1178.68,
        "ctr": 0.012934590827737652,
        "roas": 1178.68
      },
      {
        "campaign_name": "Men ComfortMax_Launch",
        "spend": 524.48,
        "impressions": 294124,
        "clicks": 4828.0,
        "purchases": 149,
        "revenue": 3484.76,
        "ctr": 0.01641484543933851,
        "roas": 6.644219035997559
      },
      {
        "campaign_name": "Men Comfortma- Launch",
        "spend": 135.5,
        "impressions": 386845,
        "clicks": 5599.0,
        "purchases": 175,
        "revenue": 5028.72,
        "ctr": 0.014473497137096253,
        "roas": 37.112324723247234
      },
      {
        "campaign_name": "Men Comfortmax Lau ch",
        "spend": 165.12,
        "impressions": 368092,
        "clicks": 8592.0,
        "purchases": 184,
        "revenue": 3733.47,
        "ctr": 0.023341990589309195,
        "roas": 22.61064680232558
      },
      {
        "campaign_name": "Men Comfortmax Launch",
        "spend": 28202.18,
        "impressions": 13245493,
        "clicks": 216866.0,
        "purchases": 4628,
        "revenue": 163300.43,
        "ctr": 0.016372814511320947,
        "roas": 5.790347767442091
      },
      {
        "campaign_name": "Men Comfortmax Lunch",
        "spend": 794.13,
        "impressions": 338152,
        "clicks": 6489.0,
        "purchases": 206,
        "revenue": 4272.38,
        "ctr": 0.019189595211620808,
        "roas": 5.37995038595696
      },
      {
        "campaign_name": "Men Pr-mium Modal",
        "spend": 289.52,
        "impressions": 510469,
        "clicks": 0.0,
        "purchases": 205,
        "revenue": 5872.07,
        "ctr": 0.0,
        "roas": 20.282087593257806
      },
      {
        "campaign_name": "Men Pre ium Modal",
        "spend": 215.29,
        "impressions": 123022,
        "clicks": 1335.0,
        "purchases": 44,
        "revenue": 969.43,
        "ctr": 0.010851717578969616,
        "roas": 4.502903060987506
      },
      {
        "campaign_name": "Men Prem um Modal",
        "spend": 477.73,
        "impressions": 37208,
        "clicks": 288.0,
        "purchases": 4,
        "revenue": 159.1,
        "ctr": 0.0077402709094818315,
        "roas": 0.333033303330333
      },
      {
        "campaign_name": "Men Premiu- Modal",
        "spend": 499.5,
        "impressions": 222084,
        "clicks": 0.0,
        "purchases": 46,
        "revenue": 2013.94,
        "ctr": 0.0,
        "roas": 4.031911911911912
      },
      {
        "campaign_name": "Men Premium -odal",
        "spend": 542.42,
        "impressions": 118261,
        "clicks": 775.0,
        "purchases": 26,
        "revenue": 861.25,
        "ctr": 0.00655330159562324,
        "roas": 1.5877917480918846
      },
      {
        "campaign_name": "Men Premium M-dal",
        "spend": 840.63,
        "impressions": 336441,
        "clicks": 3295.0,
        "purchases": 95,
        "revenue": 2230.9,
        "ctr": 0.00979369339646476,
        "roas": 2.6538429511199935
      },
      {
        "campaign_name": "Men Premium Mod-l",
        "spend": 486.73,
        "impressions": 122852,
        "clicks": 1236.0,
        "purchases": 32,
        "revenue": 1321.41,
        "ctr": 0.0100608862696578,
        "roas": 2.714872722043022
      },
      {
        "campaign_name": "Men Premium Modal",
        "spend": 100371.84,
        "impressions": 57021223,
        "clicks": 604792.0,
        "purchases": 16340,
        "revenue": 525430.59,
        "ctr": 0.010606436834930741,
        "roas": 5.234840668458404
      },
      {
        "campaign_name": "Men Sig-ature Soft",
        "spend": 104.66,
        "impressions": 276076,
        "clicks": 3534.0,
        "purchases": 19,
        "revenue": 559.47,
        "ctr": 0.01280082296179313,
        "roas": 5.34559526084464
      },
      {
        "campaign_name": "Men Sigature Soft",
        "spend": 210.78,
        "impressions": 335157,
        "clicks": 4806.0,
        "purchases": 28,
        "revenue": 821.29,
        "ctr": 0.014339548331080658,
        "roas": 3.896432299079609
      },
      {
        "campaign_name": "Men Signature Soft",
        "spend": 20574.18,
        "impressions": 9789201,
        "clicks": 142392.0,
        "purchases": 901,
        "revenue": 32677.18,
        "ctr": 0.014545824526434792,
        "roas": 1.5882615977890735
      },
      {
        "campaign_name": "Men Signture Soft",
        "spend": 86.57,
        "impressions": 206825,
        "clicks": 2988.0,
        "purchases": 19,
        "revenue": 463.28,
        "ctr": 0.014446996252870785,
        "roas": 5.351507450617997
      },
      {
        "campaign_name": "Men remium Modal",
        "spend": 506.68,
        "impressions": 367130,
        "clicks": 3100.0,
        "purchases": 69,
        "revenue": 1321.27,
        "ctr": 0.008443875466456023,
        "roas": 2.6077011131286016
      },
      {
        "campaign_name": "Men | Ath eisure Cooling",
        "spend": 906.42,
        "impressions": 330406,
        "clicks": 7482.0,
        "purchases": 310,
        "revenue": 10214.71,
        "ctr": 0.022644867223960825,
        "roas": 11.269290174532777
      },
      {
        "campaign_name": "Men | Athlei ure Cooling",
        "spend": 159.19,
        "impressions": 365266,
        "clicks": 6813.0,
        "purchases": 407,
        "revenue": 13583.5,
        "ctr": 0.01865216034342096,
        "roas": 85.3288523148439
      },
      {
        "campaign_name": "Men | Athlei-ure Cooling",
        "spend": 143.57,
        "impressions": 38910,
        "clicks": 989.0,
        "purchases": 40,
        "revenue": 1558.23,
        "ctr": 0.02541763042919558,
        "roas": 10.85345127812217
      },
      {
        "campaign_name": "Men | Athleis re Cooling",
        "spend": 110.42,
        "impressions": 180813,
        "clicks": 2537.0,
        "purchases": 78,
        "revenue": 2878.6,
        "ctr": 0.014031070774778363,
        "roas": 26.069552617279477
      },
      {
        "campaign_name": "Men | Athleisur- Cooling",
        "spend": 262.67,
        "impressions": 80792,
        "clicks": 1648.0,
        "purchases": 64,
        "revenue": 1536.74,
        "ctr": 0.020398059213783543,
        "roas": 5.85045875052347
      },
      {
        "campaign_name": "Men | Athleisure Cooling",
        "spend": 68774.22,
        "impressions": 37567924,
        "clicks": 763232.0,
        "purchases": 25176,
        "revenue": 799610.08,
        "ctr": 0.020316054727964206,
        "roas": 11.626596128607492
      },
      {
        "campaign_name": "Men | thleisure Cooling",
        "spend": 352.51,
        "impressions": 387995,
        "clicks": 9581.0,
        "purchases": 399,
        "revenue": 12115.22,
        "ctr": 0.024693617185788476,
        "roas": 34.36844344841281
      },
      {
        "campaign_name": "Men |Athleisure Cooling",
        "spend": 188.72,
        "impressions": 324005,
        "clicks": 6736.0,
        "purchases": 238,
        "revenue": 4320.19,
        "ctr": 0.020789802626502676,
        "roas": 22.89206231454006
      },
      {
        "campaign_name": "Men- Premium  Modal",
        "spend": 176.92,
        "impressions": 301636,
        "clicks": 2454.0,
        "purchases": 90,
        "revenue": 2446.52,
        "ctr": 0.008135633677677731,
        "roas": 13.828397015600272
      },
      {
        "campaign_name": "Men-Athleisure Cooli-g",
        "spend": 536.26,
        "impressions": 460080,
        "clicks": 11757.0,
        "purchases": 272,
        "revenue": 0.0,
        "ctr": 0.025554251434533125,
        "roas": 0.0
      },
      {
        "campaign_name": "Men-Athleisure Cooling",
        "spend": 25121.79,
        "impressions": 15608606,
        "clicks": 292402.0,
        "purchases": 10169,
        "revenue": 335536.13,
        "ctr": 0.018733383365561282,
        "roas": 13.356378267631406
      },
      {
        "campaign_name": "Men-Bold Colors Drop",
        "spend": 1057.18,
        "impressions": 191771,
        "clicks": 2683.0,
        "purchases": 0,
        "revenue": 923.25,
        "ctr": 0.013990645092323657,
        "roas": 0.8733139105923304
      },
      {
        "campaign_name": "Men-Comfortmax Launch",
        "spend": 667.58,
        "impressions": 345771,
        "clicks": 6103.0,
        "purchases": 100,
        "revenue": 1829.19,
        "ctr": 0.017650410242617223,
        "roas": 2.740031157314479
      },
      {
        "campaign_name": "Men-Premium Modal",
        "spend": 317.65,
        "impressions": 285548,
        "clicks": 2814.0,
        "purchases": 76,
        "revenue": 3197.45,
        "ctr": 0.009854735456035412,
        "roas": 10.065953093026916
      },
      {
        "campaign_name": "Men-thleisure Cooling",
        "spend": 899.8,
        "impressions": 198524,
        "clicks": 5653.0,
        "purchases": 183,
        "revenue": 4947.93,
        "ctr": 0.028475146581773487,
        "roas": 5.498921982662814
      },
      {
        "campaign_name": "MenComfortmax Launch",
        "spend": 927.85,
        "impressions": 363786,
        "clicks": 6235.0,
        "purchases": 111,
        "revenue": 2916.02,
        "ctr": 0.01713919722034383,
        "roas": 3.142770922024034
      },
      {
        "campaign_name": "Men_Bold_Co ors_Drop",
        "spend": 130.36,
        "impressions": 300567,
        "clicks": 3907.0,
        "purchases": 32,
        "revenue": 1144.66,
        "ctr": 0.01299876566622417,
        "roas": 8.780760969622584
      },
      {
        "campaign_name": "Men_Bold_Colors_Drop",
        "spend": 23921.14,
        "impressions": 12565923,
        "clicks": 117198.0,
        "purchases": 1275,
        "revenue": 40967.52,
        "ctr": 0.009326652725788627,
        "roas": 1.712607342292215
      },
      {
        "campaign_name": "Men_Co fortMax_Launch",
        "spend": 383.91,
        "impressions": 56204,
        "clicks": 1275.0,
        "purchases": 31,
        "revenue": 1224.19,
        "ctr": 0.022685218133940643,
        "roas": 3.1887421531088016
      },
      {
        "campaign_name": "Men_Com-ortMax_Launch",
        "spend": 591.06,
        "impressions": 253112,
        "clicks": 4251.0,
        "purchases": 109,
        "revenue": 3684.7,
        "ctr": 0.016794936628844147,
        "roas": 6.234054072344602
      },
      {
        "campaign_name": "Men_Comf-rtMax_Launch",
        "spend": 0.0,
        "impressions": 442839,
        "clicks": 6497.0,
        "purchases": 175,
        "revenue": 4480.64,
        "ctr": 0.01467124620911889,
        "roas": 4480.64
      },
      {
        "campaign_name": "Men_ComfortMax_Launch",
        "spend": 32150.27,
        "impressions": 17395084,
        "clicks": 274501.0,
        "purchases": 6978,
        "revenue": 233658.43,
        "ctr": 0.015780377950460025,
        "roas": 7.267697285279408
      },
      {
        "campaign_name": "Men_Premium_Modal",
        "spend": 22550.52,
        "impressions": 12893928,
        "clicks": 125519.0,
        "purchases": 3487,
        "revenue": 113044.18,
        "ctr": 0.009734737156900519,
        "roas": 5.012930078774236
      },
      {
        "campaign_name": "Men_|_Athleisure_Cooling",
        "spend": 29071.01,
        "impressions": 16888868,
        "clicks": 345571.0,
        "purchases": 12564,
        "revenue": 404834.33,
        "ctr": 0.020461466097076487,
        "roas": 13.925705711635063
      },
      {
        "campaign_name": "Men_|_Athleiure_Cooling",
        "spend": 478.33,
        "impressions": 146013,
        "clicks": 3099.0,
        "purchases": 143,
        "revenue": 6291.64,
        "ctr": 0.02122413757679111,
        "roas": 13.153346016348546
      },
      {
        "campaign_name": "Men_|_Atleisure_Cooling",
        "spend": 668.0,
        "impressions": 284604,
        "clicks": 4897.0,
        "purchases": 182,
        "revenue": 5287.52,
        "ctr": 0.017206363930232886,
        "roas": 7.9154491017964075
      },
      {
        "campaign_name": "Mn ComfortMax Launch",
        "spend": 891.21,
        "impressions": 481593,
        "clicks": 7293.0,
        "purchases": 179,
        "revenue": 7388.25,
        "ctr": 0.015143492534152283,
        "roas": 8.290133638536371
      },
      {
        "campaign_name": "W MEN Cotton Classics",
        "spend": 753.63,
        "impressions": 516847,
        "clicks": 4572.0,
        "purchases": 202,
        "revenue": 11639.04,
        "ctr": 0.008845944737997899,
        "roas": 15.443971179491264
      },
      {
        "campaign_name": "W MEN FIT & LIFT",
        "spend": 1417.9,
        "impressions": 936861,
        "clicks": 14392.0,
        "purchases": 117,
        "revenue": 4862.59,
        "ctr": 0.015361937363173405,
        "roas": 3.4294308484378306
      },
      {
        "campaign_name": "W men Fit & Lift",
        "spend": 269.0,
        "impressions": 483876,
        "clicks": 10190.0,
        "purchases": 125,
        "revenue": 5249.72,
        "ctr": 0.02105911431854442,
        "roas": 19.51568773234201
      },
      {
        "campaign_name": "W men Summer Invisible",
        "spend": 718.49,
        "impressions": 271270,
        "clicks": 2258.0,
        "purchases": 30,
        "revenue": 764.82,
        "ctr": 0.008323810225974122,
        "roas": 1.0644824562624393
      },
      {
        "campaign_name": "W men-Studio Sports",
        "spend": 211.43,
        "impressions": 469855,
        "clicks": 5461.0,
        "purchases": 181,
        "revenue": 8044.92,
        "ctr": 0.01162273467346309,
        "roas": 38.05004020243106
      },
      {
        "campaign_name": "W-men  |  Studio  Sports",
        "spend": 706.5,
        "impressions": 234642,
        "clicks": 4239.0,
        "purchases": 136,
        "revenue": 3972.18,
        "ctr": 0.018065819418518425,
        "roas": 5.622335456475583
      },
      {
        "campaign_name": "W-men Fit & Lift",
        "spend": 245.65,
        "impressions": 168985,
        "clicks": 3474.0,
        "purchases": 29,
        "revenue": 1168.65,
        "ctr": 0.02055803769565346,
        "roas": 4.757378383879503
      },
      {
        "campaign_name": "WMEN Cotton Classics",
        "spend": 445.32,
        "impressions": 326703,
        "clicks": 4136.0,
        "purchases": 212,
        "revenue": 4882.93,
        "ctr": 0.012659816408175009,
        "roas": 10.964991466810384
      },
      {
        "campaign_name": "WMEN Seamless Everyday",
        "spend": 138.86,
        "impressions": 222142,
        "clicks": 2182.0,
        "purchases": 75,
        "revenue": 4324.74,
        "ctr": 0.009822545939084009,
        "roas": 31.144606078064232
      },
      {
        "campaign_name": "WOEN  Cotton  Classics",
        "spend": 654.14,
        "impressions": 225783,
        "clicks": 1228.0,
        "purchases": 33,
        "revenue": 1749.16,
        "ctr": 0.005438850577767148,
        "roas": 2.6739841624117164
      },
      {
        "campaign_name": "WOEN FIT & LIFT",
        "spend": 503.28,
        "impressions": 282108,
        "clicks": 1933.0,
        "purchases": 13,
        "revenue": 596.34,
        "ctr": 0.006851985764317212,
        "roas": 1.1849070100143062
      },
      {
        "campaign_name": "WOM N FIT & LIFT",
        "spend": 853.33,
        "impressions": 132314,
        "clicks": 3023.0,
        "purchases": 26,
        "revenue": 617.39,
        "ctr": 0.022847166588569615,
        "roas": 0.7235067324481735
      },
      {
        "campaign_name": "WOME SEAMLESS EVERYDAY",
        "spend": 310.25,
        "impressions": 19041,
        "clicks": 216.0,
        "purchases": 8,
        "revenue": 444.63,
        "ctr": 0.011343942019851899,
        "roas": 1.4331345688960515
      },
      {
        "campaign_name": "WOMEN  -eamless  Everyday",
        "spend": 128.41,
        "impressions": 88153,
        "clicks": 857.0,
        "purchases": 36,
        "revenue": 1628.11,
        "ctr": 0.00972173380372761,
        "roas": 12.67899696285336
      },
      {
        "campaign_name": "WOMEN  Cotto-  Classics",
        "spend": 186.23,
        "impressions": 262889,
        "clicks": 4066.0,
        "purchases": 97,
        "revenue": 4829.68,
        "ctr": 0.015466603775738049,
        "roas": 25.933952639209583
      },
      {
        "campaign_name": "WOMEN  Cotton  Cl-ssics",
        "spend": 184.48,
        "impressions": 106615,
        "clicks": 1301.0,
        "purchases": 70,
        "revenue": 2296.59,
        "ctr": 0.012202785724335224,
        "roas": 12.448991760624459
      },
      {
        "campaign_name": "WOMEN  Cotton  Cla-sics",
        "spend": 535.96,
        "impressions": 133791,
        "clicks": 1656.0,
        "purchases": 65,
        "revenue": 1607.8,
        "ctr": 0.012377514182568335,
        "roas": 2.999850735129487
      },
      {
        "campaign_name": "WOMEN  Cotton  Classics",
        "spend": 24989.56,
        "impressions": 12517058,
        "clicks": 121802.0,
        "purchases": 3994,
        "revenue": 171023.59,
        "ctr": 0.009730880850755824,
        "roas": 6.843801571536273
      },
      {
        "campaign_name": "WOMEN  Seamles   Everyday",
        "spend": 263.73,
        "impressions": 109081,
        "clicks": 993.0,
        "purchases": 24,
        "revenue": 1190.89,
        "ctr": 0.009103326885525436,
        "roas": 4.515565161339248
      },
      {
        "campaign_name": "WOMEN  Seamless  Eve yday",
        "spend": 1155.47,
        "impressions": 435301,
        "clicks": 5388.0,
        "purchases": 189,
        "revenue": 6673.7,
        "ctr": 0.012377642137279722,
        "roas": 5.775744934961531
      },
      {
        "campaign_name": "WOMEN  Seamless  Everyday",
        "spend": 23391.68,
        "impressions": 14988598,
        "clicks": 109131.0,
        "purchases": 3273,
        "revenue": 126002.23,
        "ctr": 0.0072809344809968216,
        "roas": 5.386625928535274
      },
      {
        "campaign_name": "WOMEN  Seamless- Everyday",
        "spend": 913.96,
        "impressions": 448721,
        "clicks": 4676.0,
        "purchases": 143,
        "revenue": 4707.29,
        "ctr": 0.010420729139041855,
        "roas": 5.15043327935577
      },
      {
        "campaign_name": "WOMEN C tton Classics",
        "spend": 1069.98,
        "impressions": 740485,
        "clicks": 8601.0,
        "purchases": 247,
        "revenue": 11061.52,
        "ctr": 0.011615360203110124,
        "roas": 10.338062393689603
      },
      {
        "campaign_name": "WOMEN COTTON CLASS-CS",
        "spend": 181.31,
        "impressions": 312305,
        "clicks": 3840.0,
        "purchases": 103,
        "revenue": 3645.21,
        "ctr": 0.012295672499639775,
        "roas": 20.10484805030059
      },
      {
        "campaign_name": "WOMEN COTTON CLASSICS",
        "spend": 23694.29,
        "impressions": 13068292,
        "clicks": 141218.0,
        "purchases": 4316,
        "revenue": 186772.54,
        "ctr": 0.010806155846532967,
        "roas": 7.88259703076142
      },
      {
        "campaign_name": "WOMEN COTTON CLASSIS",
        "spend": 706.74,
        "impressions": 346839,
        "clicks": 3334.0,
        "purchases": 112,
        "revenue": 3315.25,
        "ctr": 0.009612529156179092,
        "roas": 4.690904717434983
      },
      {
        "campaign_name": "WOMEN COTTON LASSICS",
        "spend": 515.4,
        "impressions": 258390,
        "clicks": 2635.0,
        "purchases": 100,
        "revenue": 5765.55,
        "ctr": 0.010197763071326289,
        "roas": 11.186554132712457
      },
      {
        "campaign_name": "WOMEN Cot-on Classics",
        "spend": 1042.72,
        "impressions": 452982,
        "clicks": 4311.0,
        "purchases": 123,
        "revenue": 4867.33,
        "ctr": 0.0095169344477264,
        "roas": 4.667916602731318
      },
      {
        "campaign_name": "WOMEN Coton Classics",
        "spend": 1348.33,
        "impressions": 816211,
        "clicks": 10291.0,
        "purchases": 88,
        "revenue": 17134.58,
        "ctr": 0.012608259383909307,
        "roas": 12.708001750313352
      },
      {
        "campaign_name": "WOMEN Cotton Cla-sics",
        "spend": 220.96,
        "impressions": 18721,
        "clicks": 206.0,
        "purchases": 8,
        "revenue": 362.5,
        "ctr": 0.011003685700550185,
        "roas": 1.6405684286748732
      },
      {
        "campaign_name": "WOMEN Cotton Classics",
        "spend": 71317.65,
        "impressions": 41269197,
        "clicks": 416846.0,
        "purchases": 13318,
        "revenue": 518516.92,
        "ctr": 0.010100656913678258,
        "roas": 7.270527281815932
      },
      {
        "campaign_name": "WOMEN Cotton Classis",
        "spend": 761.06,
        "impressions": 28107,
        "clicks": 353.0,
        "purchases": 14,
        "revenue": 691.48,
        "ctr": 0.012559148966449638,
        "roas": 0.908574882400862
      },
      {
        "campaign_name": "WOMEN Ctton Classics",
        "spend": 463.56,
        "impressions": 462747,
        "clicks": 7858.0,
        "purchases": 264,
        "revenue": 7586.51,
        "ctr": 0.01698120139082479,
        "roas": 16.36575632064889
      },
      {
        "campaign_name": "WOMEN FIT  LIFT",
        "spend": 844.99,
        "impressions": 177266,
        "clicks": 3693.0,
        "purchases": 0,
        "revenue": 896.44,
        "ctr": 0.020833098281678383,
        "roas": 1.06088829453603
      },
      {
        "campaign_name": "WOMEN FIT & -IFT",
        "spend": 780.13,
        "impressions": 240537,
        "clicks": 5639.0,
        "purchases": 55,
        "revenue": 1553.1100000000001,
        "ctr": 0.023443378773328014,
        "roas": 1.990834860856524
      },
      {
        "campaign_name": "WOMEN FIT & LIFT",
        "spend": 31494.24,
        "impressions": 17506526,
        "clicks": 316219.0,
        "purchases": 3044,
        "revenue": 120533.79,
        "ctr": 0.018062921221491918,
        "roas": 3.8271693490619234
      },
      {
        "campaign_name": "WOMEN SEAM ESS EVERYDAY",
        "spend": 991.33,
        "impressions": 381636,
        "clicks": 3519.0,
        "purchases": 114,
        "revenue": 3296.06,
        "ctr": 0.009220828223752477,
        "roas": 3.324886768280996
      },
      {
        "campaign_name": "WOMEN SEAMLESS EV RYDAY",
        "spend": 380.35,
        "impressions": 231358,
        "clicks": 1822.0,
        "purchases": 68,
        "revenue": 2907.24,
        "ctr": 0.007875240968542259,
        "roas": 7.643591428947022
      },
      {
        "campaign_name": "WOMEN SEAMLESS EVE YDAY",
        "spend": 219.04,
        "impressions": 76426,
        "clicks": 574.0,
        "purchases": 22,
        "revenue": 649.39,
        "ctr": 0.007510533064663858,
        "roas": 2.964709642074507
      },
      {
        "campaign_name": "WOMEN SEAMLESS EVERYDAY",
        "spend": 22037.97,
        "impressions": 14359473,
        "clicks": 112879.0,
        "purchases": 3252,
        "revenue": 131786.36,
        "ctr": 0.007860943086142507,
        "roas": 5.979968209413117
      },
      {
        "campaign_name": "WOMEN SUMMER I VISIBLE",
        "spend": 385.74,
        "impressions": 469340,
        "clicks": 6417.0,
        "purchases": 155,
        "revenue": 7361.49,
        "ctr": 0.013672391017173052,
        "roas": 19.084072172966245
      },
      {
        "campaign_name": "WOMEN SUMMER INVISIBE",
        "spend": 599.92,
        "impressions": 83497,
        "clicks": 1038.0,
        "purchases": 17,
        "revenue": 624.61,
        "ctr": 0.012431584368300658,
        "roas": 1.04115548739832
      },
      {
        "campaign_name": "WOMEN SUMMER INVISIBLE",
        "spend": 25786.35,
        "impressions": 13940883,
        "clicks": 141867.0,
        "purchases": 2368,
        "revenue": 113465.44,
        "ctr": 0.01017632814219874,
        "roas": 4.400213291140468
      },
      {
        "campaign_name": "WOMEN SUMMER INVSIBLE",
        "spend": 459.81,
        "impressions": 16115,
        "clicks": 172.0,
        "purchases": 4,
        "revenue": 200.45,
        "ctr": 0.01067328575860999,
        "roas": 0.4359409321241382
      },
      {
        "campaign_name": "WOMEN Seamless E eryday",
        "spend": 133.85,
        "impressions": 115664,
        "clicks": 1247.0,
        "purchases": 35,
        "revenue": 1988.76,
        "ctr": 0.010781228385668834,
        "roas": 14.858124766529698
      },
      {
        "campaign_name": "WOMEN Seamless Eeryday",
        "spend": 272.79,
        "impressions": 377449,
        "clicks": 3623.0,
        "purchases": 101,
        "revenue": 4500.88,
        "ctr": 0.009598647764333725,
        "roas": 16.499431797353274
      },
      {
        "campaign_name": "WOMEN Seamless Everyday",
        "spend": 73693.9,
        "impressions": 43874355,
        "clicks": 375428.0,
        "purchases": 10571,
        "revenue": 435614.83999999997,
        "ctr": 0.00855688932635021,
        "roas": 5.911138371018497
      },
      {
        "campaign_name": "WOMEN Seamless Everydy",
        "spend": 153.97,
        "impressions": 463408,
        "clicks": 2438.0,
        "purchases": 53,
        "revenue": 2143.07,
        "ctr": 0.005261022684114215,
        "roas": 13.918750405923232
      },
      {
        "campaign_name": "WOMEN Semless Everyday",
        "spend": 276.93,
        "impressions": 97354,
        "clicks": 0.0,
        "purchases": 21,
        "revenue": 902.98,
        "ctr": 0.0,
        "roas": 3.260679594121258
      },
      {
        "campaign_name": "WOMEN eamless Everyday",
        "spend": 112.03,
        "impressions": 40709,
        "clicks": 352.0,
        "purchases": 8,
        "revenue": 242.22,
        "ctr": 0.008646736593873591,
        "roas": 2.162099437650629
      },
      {
        "campaign_name": "WOMEN otton Classics",
        "spend": 742.08,
        "impressions": 305171,
        "clicks": 3272.0,
        "purchases": 97,
        "revenue": 4678.65,
        "ctr": 0.010721857581487101,
        "roas": 6.304778460543337
      },
      {
        "campaign_name": "WOMEN | STUDIO SPORTS",
        "spend": 18710.55,
        "impressions": 12018159,
        "clicks": 137584.0,
        "purchases": 4887,
        "revenue": 183385.74,
        "ctr": 0.011448009632756564,
        "roas": 9.80119451325589
      },
      {
        "campaign_name": "WOMEN | SUDIO SPORTS",
        "spend": 266.55,
        "impressions": 207501,
        "clicks": 1920.0,
        "purchases": 76,
        "revenue": 2115.3,
        "ctr": 0.009252967455578527,
        "roas": 7.935846933033202
      },
      {
        "campaign_name": "WOMEN-FIT & LIFT",
        "spend": 66.19,
        "impressions": 138931,
        "clicks": 3506.0,
        "purchases": 28,
        "revenue": 788.89,
        "ctr": 0.02523554858167004,
        "roas": 11.918567759480284
      },
      {
        "campaign_name": "WOMENSeamless Everyday",
        "spend": 140.67,
        "impressions": 174848,
        "clicks": 1590.0,
        "purchases": 38,
        "revenue": 1618.88,
        "ctr": 0.009093612737920937,
        "roas": 11.508352882633115
      },
      {
        "campaign_name": "WOMEN_Cot-on_Classics",
        "spend": 961.56,
        "impressions": 512834,
        "clicks": 0.0,
        "purchases": 134,
        "revenue": 3144.31,
        "ctr": 0.0,
        "roas": 3.270009151795
      },
      {
        "campaign_name": "WOMEN_Cotton_Clas ics",
        "spend": 225.92,
        "impressions": 144887,
        "clicks": 2071.0,
        "purchases": 77,
        "revenue": 3587.26,
        "ctr": 0.014293898003271514,
        "roas": 15.878452549575073
      },
      {
        "campaign_name": "WOMEN_Cotton_Classics",
        "spend": 22592.19,
        "impressions": 13912457,
        "clicks": 140889.0,
        "purchases": 4612,
        "revenue": 191391.24,
        "ctr": 0.010126823752267483,
        "roas": 8.471566501521101
      },
      {
        "campaign_name": "WOMEN_Seamless_Ever-day",
        "spend": 194.91,
        "impressions": 142145,
        "clicks": 1154.0,
        "purchases": 31,
        "revenue": 1240.07,
        "ctr": 0.008118470575820465,
        "roas": 6.36226976553281
      },
      {
        "campaign_name": "WOMEN_Seamless_Everyday",
        "spend": 28172.89,
        "impressions": 12568757,
        "clicks": 99408.0,
        "purchases": 2694,
        "revenue": 102622.56,
        "ctr": 0.007909135326587984,
        "roas": 3.6425996764975124
      },
      {
        "campaign_name": "WOMEN_otton_Classics",
        "spend": 684.86,
        "impressions": 386204,
        "clicks": 4636.0,
        "purchases": 186,
        "revenue": 9846.16,
        "ctr": 0.012004018601568084,
        "roas": 14.376894547790789
      },
      {
        "campaign_name": "WOMN Cotton Classics",
        "spend": 353.98,
        "impressions": 209039,
        "clicks": 2404.0,
        "purchases": 84,
        "revenue": 2315.48,
        "ctr": 0.011500246365510742,
        "roas": 6.541273518277869
      },
      {
        "campaign_name": "WOMN_Cotton_Classics",
        "spend": 147.45,
        "impressions": 243469,
        "clicks": 1462.0,
        "purchases": 39,
        "revenue": 1434.76,
        "ctr": 0.0060048712567103,
        "roas": 9.730484910139031
      },
      {
        "campaign_name": "Wmen | Studio Sports",
        "spend": 446.18,
        "impressions": 182623,
        "clicks": 1135.0,
        "purchases": 35,
        "revenue": 868.23,
        "ctr": 0.0062149893496438015,
        "roas": 1.9459186875252141
      },
      {
        "campaign_name": "Wmen_Fit_&_Lift",
        "spend": 318.24,
        "impressions": 177675,
        "clicks": 2267.0,
        "purchases": 25,
        "revenue": 827.22,
        "ctr": 0.012759251442240044,
        "roas": 2.5993589743589745
      },
      {
        "campaign_name": "Wo en  Fit  &  Lift",
        "spend": 675.53,
        "impressions": 232292,
        "clicks": 5187.0,
        "purchases": 39,
        "revenue": 1886.8,
        "ctr": 0.022329654056101805,
        "roas": 2.793066185069501
      },
      {
        "campaign_name": "Wo en Fit & Lift",
        "spend": 675.83,
        "impressions": 283119,
        "clicks": 5338.0,
        "purchases": 62,
        "revenue": 1978.29,
        "ctr": 0.018854262695191776,
        "roas": 2.927200627376707
      },
      {
        "campaign_name": "Wo-en  |  Studio  Sports",
        "spend": 286.41,
        "impressions": 253623,
        "clicks": 3146.0,
        "purchases": 128,
        "revenue": 6174.38,
        "ctr": 0.012404237786005213,
        "roas": 21.557836667714113
      },
      {
        "campaign_name": "Wo-en Fit & Lift",
        "spend": 536.69,
        "impressions": 513751,
        "clicks": 9053.0,
        "purchases": 111,
        "revenue": 6120.78,
        "ctr": 0.017621376892697046,
        "roas": 11.404684268385845
      },
      {
        "campaign_name": "Woen Fit and Lift",
        "spend": 563.73,
        "impressions": 277850,
        "clicks": 5069.0,
        "purchases": 56,
        "revenue": 1778.01,
        "ctr": 0.01824365664927119,
        "roas": 3.1540098983555955
      },
      {
        "campaign_name": "Wom n  Fit  &  Lift",
        "spend": 553.99,
        "impressions": 266731,
        "clicks": 5971.0,
        "purchases": 67,
        "revenue": 1523.39,
        "ctr": 0.022385849413828915,
        "roas": 2.7498510803444107
      },
      {
        "campaign_name": "Wom n Fit & Lift",
        "spend": 656.5699999999999,
        "impressions": 585307,
        "clicks": 11765.0,
        "purchases": 157,
        "revenue": 7331.969999999999,
        "ctr": 0.020100562610732488,
        "roas": 11.167080433160212
      },
      {
        "campaign_name": "Wom n-Studio Sports",
        "spend": 0.0,
        "impressions": 264474,
        "clicks": 3176.0,
        "purchases": 94,
        "revenue": 2670.87,
        "ctr": 0.012008741880109197,
        "roas": 2670.87
      },
      {
        "campaign_name": "Wom-n Cotton Classics",
        "spend": 786.8,
        "impressions": 131808,
        "clicks": 1618.0,
        "purchases": 47,
        "revenue": 1850.57,
        "ctr": 0.01227543092983734,
        "roas": 2.3520208439247585
      },
      {
        "campaign_name": "Wom-n Fit & Lift",
        "spend": 772.0,
        "impressions": 74945,
        "clicks": 0.0,
        "purchases": 11,
        "revenue": 405.22,
        "ctr": 0.0,
        "roas": 0.5248963730569949
      },
      {
        "campaign_name": "Wome  Fit & Lift",
        "spend": 355.0,
        "impressions": 354779,
        "clicks": 5930.0,
        "purchases": 59,
        "revenue": 3045.75,
        "ctr": 0.016714630798327974,
        "roas": 8.579577464788732
      },
      {
        "campaign_name": "Wome  Fit and Lift",
        "spend": 644.36,
        "impressions": 390575,
        "clicks": 7297.0,
        "purchases": 60,
        "revenue": 1872.58,
        "ctr": 0.018682711387057543,
        "roas": 2.906108386616177
      },
      {
        "campaign_name": "Women  -it  &  Lift",
        "spend": 408.15,
        "impressions": 185582,
        "clicks": 3075.0,
        "purchases": 29,
        "revenue": 871.62,
        "ctr": 0.016569494886357512,
        "roas": 2.1355384049981625
      },
      {
        "campaign_name": "Women  Fit     Lift",
        "spend": 209.82,
        "impressions": 434420,
        "clicks": 6518.0,
        "purchases": 52,
        "revenue": 2384.39,
        "ctr": 0.015003913263661893,
        "roas": 11.363978648365265
      },
      {
        "campaign_name": "Women  Fit  &  Lft",
        "spend": 737.83,
        "impressions": 343448,
        "clicks": 5303.0,
        "purchases": 54,
        "revenue": 1567.64,
        "ctr": 0.015440474249376907,
        "roas": 2.1246628627190547
      },
      {
        "campaign_name": "Women  Fit  &  Lift",
        "spend": 29240.56,
        "impressions": 13898552,
        "clicks": 247727.0,
        "purchases": 2299,
        "revenue": 97574.63,
        "ctr": 0.017823943098532854,
        "roas": 3.3369617408148136
      },
      {
        "campaign_name": "Women  it & Lift",
        "spend": 99.12,
        "impressions": 234283,
        "clicks": 5933.0,
        "purchases": 64,
        "revenue": 2050.4,
        "ctr": 0.025324073876465642,
        "roas": 20.686037126715092
      },
      {
        "campaign_name": "Women  |  Studio  Sports",
        "spend": 22697.91,
        "impressions": 13298797,
        "clicks": 144330.0,
        "purchases": 5524,
        "revenue": 232046.83000000002,
        "ctr": 0.01085286135279755,
        "roas": 10.223268574066953
      },
      {
        "campaign_name": "Women  |  Studio Sports",
        "spend": 237.6,
        "impressions": 429047,
        "clicks": 4396.0,
        "purchases": 158,
        "revenue": 7346.1,
        "ctr": 0.01024596372891548,
        "roas": 30.917929292929294
      },
      {
        "campaign_name": "Women -it & Lift",
        "spend": 874.6,
        "impressions": 296397,
        "clicks": 6036.0,
        "purchases": 58,
        "revenue": 2995.53,
        "ctr": 0.020364578588852114,
        "roas": 3.4250285844957697
      },
      {
        "campaign_name": "Women C-tton Classics",
        "spend": 524.36,
        "impressions": 52394,
        "clicks": 417.0,
        "purchases": 11,
        "revenue": 437.58,
        "ctr": 0.007958926594648242,
        "roas": 0.8345030131970401
      },
      {
        "campaign_name": "Women Co-ton Classics",
        "spend": 1327.09,
        "impressions": 221005,
        "clicks": 2542.0,
        "purchases": 57,
        "revenue": 3053.9500000000003,
        "ctr": 0.011502002217144409,
        "roas": 2.3012380471558074
      },
      {
        "campaign_name": "Women Cottn Classics",
        "spend": 408.47,
        "impressions": 217209,
        "clicks": 1816.0,
        "purchases": 54,
        "revenue": 2206.42,
        "ctr": 0.008360611208559498,
        "roas": 5.4016696452615856
      },
      {
        "campaign_name": "Women Cotton Clas ics",
        "spend": 415.23,
        "impressions": 461142,
        "clicks": 6055.0,
        "purchases": 183,
        "revenue": 0.0,
        "ctr": 0.013130445719539752,
        "roas": 0.0
      },
      {
        "campaign_name": "Women Cotton Classics",
        "spend": 23929.38,
        "impressions": 15926665,
        "clicks": 160915.0,
        "purchases": 4616,
        "revenue": 193125.2,
        "ctr": 0.01010349624356386,
        "roas": 8.070631165537929
      },
      {
        "campaign_name": "Women Cotton Classis",
        "spend": 767.78,
        "impressions": 298357,
        "clicks": 3902.0,
        "purchases": 93,
        "revenue": 3761.38,
        "ctr": 0.013078292113139628,
        "roas": 4.899033577326839
      },
      {
        "campaign_name": "Women Cotton lassics",
        "spend": 557.64,
        "impressions": 474673,
        "clicks": 3937.0,
        "purchases": 107,
        "revenue": 6133.66,
        "ctr": 0.008294130906961213,
        "roas": 10.99931855677498
      },
      {
        "campaign_name": "Women F t & Lift",
        "spend": 1002.51,
        "impressions": 505885,
        "clicks": 9085.0,
        "purchases": 78,
        "revenue": 1763.36,
        "ctr": 0.01795862696067288,
        "roas": 1.7589450479296964
      },
      {
        "campaign_name": "Women Fi  & Lift",
        "spend": 688.41,
        "impressions": 283469,
        "clicks": 4887.0,
        "purchases": 44,
        "revenue": 0.0,
        "ctr": 0.0172399803858623,
        "roas": 0.0
      },
      {
        "campaign_name": "Women Fit  Lift",
        "spend": 256.95,
        "impressions": 270275,
        "clicks": 2249.0,
        "purchases": 15,
        "revenue": 647.19,
        "ctr": 0.008321154379798353,
        "roas": 2.518739054290718
      },
      {
        "campaign_name": "Women Fit & Lift",
        "spend": 69376.85,
        "impressions": 35799832,
        "clicks": 596822.0,
        "purchases": 5967,
        "revenue": 235482.84,
        "ctr": 0.01667108381961122,
        "roas": 3.3942567297304502
      },
      {
        "campaign_name": "Women Fit & ift",
        "spend": 703.44,
        "impressions": 69410,
        "clicks": 852.0,
        "purchases": 7,
        "revenue": 197.61,
        "ctr": 0.012274888344618932,
        "roas": 0.2809194814056636
      },
      {
        "campaign_name": "Women Fit and Lift",
        "spend": 21424.83,
        "impressions": 11465907,
        "clicks": 188402.0,
        "purchases": 2181,
        "revenue": 84759.56,
        "ctr": 0.016431495563325255,
        "roas": 3.9561368748316785
      },
      {
        "campaign_name": "Women Fit& Lift",
        "spend": 552.64,
        "impressions": 358256,
        "clicks": 6706.0,
        "purchases": 54,
        "revenue": 2349.63,
        "ctr": 0.018718458309142066,
        "roas": 4.251646641574986
      },
      {
        "campaign_name": "Women Se mless Everyday",
        "spend": 669.78,
        "impressions": 118820,
        "clicks": 1649.0,
        "purchases": 66,
        "revenue": 2409.62,
        "ctr": 0.013878134994108737,
        "roas": 3.5976290722326736
      },
      {
        "campaign_name": "Women Seamless Eve yday",
        "spend": 285.28,
        "impressions": 176157,
        "clicks": 0.0,
        "purchases": 86,
        "revenue": 3276.85,
        "ctr": 0.0,
        "roas": 11.486434380257993
      },
      {
        "campaign_name": "Women Seamless Everyday",
        "spend": 23621.45,
        "impressions": 13727649,
        "clicks": 102017.0,
        "purchases": 3344,
        "revenue": 128540.65,
        "ctr": 0.007431498284957606,
        "roas": 5.441691767440187
      },
      {
        "campaign_name": "Women Semless Everyday",
        "spend": 445.09,
        "impressions": 151022,
        "clicks": 1705.0,
        "purchases": 66,
        "revenue": 1469.48,
        "ctr": 0.011289745864840883,
        "roas": 3.3015345211080906
      },
      {
        "campaign_name": "Women Sum er Invisible",
        "spend": 220.86,
        "impressions": 244146,
        "clicks": 3048.0,
        "purchases": 56,
        "revenue": 2566.37,
        "ctr": 0.012484333144921481,
        "roas": 11.619894956080774
      },
      {
        "campaign_name": "Women Summ-r Invisible",
        "spend": 401.36,
        "impressions": 13852,
        "clicks": 157.0,
        "purchases": 4,
        "revenue": 221.92,
        "ctr": 0.011334103378573492,
        "roas": 0.5529200717560294
      },
      {
        "campaign_name": "Women Summer In-isible",
        "spend": 274.16,
        "impressions": 59910,
        "clicks": 581.0,
        "purchases": 11,
        "revenue": 589.07,
        "ctr": 0.009697880153563678,
        "roas": 2.1486358330901663
      },
      {
        "campaign_name": "Women Summer Invisi-le",
        "spend": 412.7,
        "impressions": 270357,
        "clicks": 3572.0,
        "purchases": 83,
        "revenue": 4675.28,
        "ctr": 0.013212160217786113,
        "roas": 11.328519505694208
      },
      {
        "campaign_name": "Women Summer Invisible",
        "spend": 22805.4,
        "impressions": 10846426,
        "clicks": 110846.0,
        "purchases": 2269,
        "revenue": 78234.92,
        "ctr": 0.010219587539711238,
        "roas": 3.4305436431722307
      },
      {
        "campaign_name": "Women it & Lift",
        "spend": 315.62,
        "impressions": 208624,
        "clicks": 2988.0,
        "purchases": 40,
        "revenue": 1757.47,
        "ctr": 0.014322417363294732,
        "roas": 5.568309993029593
      },
      {
        "campaign_name": "Women | Stu io Sports",
        "spend": 1047.07,
        "impressions": 487391,
        "clicks": 4529.0,
        "purchases": 176,
        "revenue": 8875.82,
        "ctr": 0.009292334080850898,
        "roas": 8.476816258702856
      },
      {
        "campaign_name": "Women | Stu-io Sports",
        "spend": 287.58,
        "impressions": 289718,
        "clicks": 4454.0,
        "purchases": 141,
        "revenue": 7125.96,
        "ctr": 0.015373570161329293,
        "roas": 24.779052785311915
      },
      {
        "campaign_name": "Women | Studi Sports",
        "spend": 308.67,
        "impressions": 94330,
        "clicks": 1149.0,
        "purchases": 0,
        "revenue": 1718.52,
        "ctr": 0.012180642425527403,
        "roas": 5.567499271066187
      },
      {
        "campaign_name": "Women | Studio  ports",
        "spend": 467.77,
        "impressions": 46734,
        "clicks": 608.0,
        "purchases": 26,
        "revenue": 984.14,
        "ctr": 0.013009800145504343,
        "roas": 2.1038972144429957
      },
      {
        "campaign_name": "Women | Studio Sp rts",
        "spend": 973.58,
        "impressions": 96140,
        "clicks": 942.0,
        "purchases": 29,
        "revenue": 990.33,
        "ctr": 0.009798210942375702,
        "roas": 1.0172045440539041
      },
      {
        "campaign_name": "Women | Studio Spo-ts",
        "spend": 904.28,
        "impressions": 220998,
        "clicks": 2091.0,
        "purchases": 61,
        "revenue": 3181.01,
        "ctr": 0.009461624087095812,
        "roas": 3.5177268102800023
      },
      {
        "campaign_name": "Women | Studio Spors",
        "spend": 140.0,
        "impressions": 84053,
        "clicks": 1086.0,
        "purchases": 43,
        "revenue": 2280.97,
        "ctr": 0.012920419259276885,
        "roas": 16.292642857142855
      },
      {
        "campaign_name": "Women | Studio Sports",
        "spend": 63025.87,
        "impressions": 39118500,
        "clicks": 426174.0,
        "purchases": 15848,
        "revenue": 611040.13,
        "ctr": 0.01089443613635492,
        "roas": 9.69506854883558
      },
      {
        "campaign_name": "Women | tudio Sports",
        "spend": 250.76,
        "impressions": 355351,
        "clicks": 4027.0,
        "purchases": 0,
        "revenue": 4307.87,
        "ctr": 0.011332457204285341,
        "roas": 17.179255064603606
      },
      {
        "campaign_name": "Women-Stud o Sports",
        "spend": 503.67,
        "impressions": 505640,
        "clicks": 7066.0,
        "purchases": 199,
        "revenue": 10901.61,
        "ctr": 0.013974369116367376,
        "roas": 21.64435046756805
      },
      {
        "campaign_name": "Women-Studio -ports",
        "spend": 747.13,
        "impressions": 298747,
        "clicks": 2691.0,
        "purchases": 88,
        "revenue": 4954.96,
        "ctr": 0.00900762183385942,
        "roas": 6.631991755116245
      },
      {
        "campaign_name": "Women-Studio S orts",
        "spend": 926.34,
        "impressions": 270653,
        "clicks": 1774.0,
        "purchases": 62,
        "revenue": 2420.18,
        "ctr": 0.006554518146852243,
        "roas": 2.612626033637757
      },
      {
        "campaign_name": "Women-Studio Spo-ts",
        "spend": 135.29,
        "impressions": 268566,
        "clicks": 0.0,
        "purchases": 60,
        "revenue": 2593.64,
        "ctr": 0.0,
        "roas": 19.17096607288048
      },
      {
        "campaign_name": "Women-Studio Spors",
        "spend": 284.19,
        "impressions": 400379,
        "clicks": 6308.0,
        "purchases": 190,
        "revenue": 6224.56,
        "ctr": 0.01575507206921442,
        "roas": 21.902811499349028
      },
      {
        "campaign_name": "Women-Studio Sports",
        "spend": 30770.07,
        "impressions": 15956778,
        "clicks": 171802.0,
        "purchases": 5692,
        "revenue": 246368.54,
        "ctr": 0.010766709921012876,
        "roas": 8.006759165643757
      },
      {
        "campaign_name": "Women-Studio Spots",
        "spend": 181.76,
        "impressions": 103818,
        "clicks": 1916.0,
        "purchases": 92,
        "revenue": 5151.18,
        "ctr": 0.018455373827274652,
        "roas": 28.340558978873243
      },
      {
        "campaign_name": "Women-Studio-Sports",
        "spend": 44.25,
        "impressions": 144211,
        "clicks": 1280.0,
        "purchases": 50,
        "revenue": 1817.39,
        "ctr": 0.00887588325439807,
        "roas": 41.070960451977406
      },
      {
        "campaign_name": "WomenCotton Classics",
        "spend": 146.48,
        "impressions": 83855,
        "clicks": 796.0,
        "purchases": 30,
        "revenue": 1208.26,
        "ctr": 0.009492576471289727,
        "roas": 8.248634625887494
      },
      {
        "campaign_name": "WomenSeamless Everyday",
        "spend": 506.72,
        "impressions": 438130,
        "clicks": 4803.0,
        "purchases": 126,
        "revenue": 5269.39,
        "ctr": 0.01096249971469655,
        "roas": 10.399017208714872
      },
      {
        "campaign_name": "Women_-it_&_Lift",
        "spend": 674.61,
        "impressions": 56686,
        "clicks": 779.0,
        "purchases": 0,
        "revenue": 447.51,
        "ctr": 0.01374237025014995,
        "roas": 0.663361053052875
      },
      {
        "campaign_name": "Women_Fit_&_Lift",
        "spend": 25127.18,
        "impressions": 12714558,
        "clicks": 210776.0,
        "purchases": 2088,
        "revenue": 94397.11,
        "ctr": 0.016577532620481183,
        "roas": 3.756772944675845
      },
      {
        "campaign_name": "Women_|-Studio_Sports",
        "spend": 376.82,
        "impressions": 155276,
        "clicks": 1502.0,
        "purchases": 51,
        "revenue": 2374.48,
        "ctr": 0.009673098225095959,
        "roas": 6.3013640464943474
      },
      {
        "campaign_name": "Women_|_Studio_ ports",
        "spend": 180.61,
        "impressions": 237045,
        "clicks": 2674.0,
        "purchases": 95,
        "revenue": 4115.09,
        "ctr": 0.011280558543736422,
        "roas": 22.784397320192678
      },
      {
        "campaign_name": "Women_|_Studio_Spo ts",
        "spend": 241.28,
        "impressions": 409919,
        "clicks": 5621.0,
        "purchases": 150,
        "revenue": 3860.86,
        "ctr": 0.013712465145553146,
        "roas": 16.001574933687003
      },
      {
        "campaign_name": "Women_|_Studio_Sports",
        "spend": 32818.76,
        "impressions": 16213654,
        "clicks": 180984.0,
        "purchases": 5551,
        "revenue": 227172.15,
        "ctr": 0.01116244370331327,
        "roas": 6.92202112450318
      },
      {
        "campaign_name": "en comfortmax launch",
        "spend": 272.53,
        "impressions": 34301,
        "clicks": 552.0,
        "purchases": 11,
        "revenue": 212.84,
        "ctr": 0.016092825282061747,
        "roas": 0.7809782409276044
      },
      {
        "campaign_name": "en_ComfortMax_Launch",
        "spend": 590.29,
        "impressions": 233920,
        "clicks": 5067.0,
        "purchases": 163,
        "revenue": 5619.6,
        "ctr": 0.02166125170998632,
        "roas": 9.52006640803673
      },
      {
        "campaign_name": "m n | athleisure cooling",
        "spend": 1208.59,
        "impressions": 694422,
        "clicks": 11074.0,
        "purchases": 360,
        "revenue": 12732.1,
        "ctr": 0.015947075409477235,
        "roas": 10.534672635054072
      },
      {
        "campaign_name": "me bold colors drop",
        "spend": 422.88,
        "impressions": 405401,
        "clicks": 3710.0,
        "purchases": 32,
        "revenue": 793.27,
        "ctr": 0.009151432778902863,
        "roas": 1.8758749527052592
      },
      {
        "campaign_name": "men bld colors drop",
        "spend": 317.99,
        "impressions": 150277,
        "clicks": 1305.0,
        "purchases": 18,
        "revenue": 564.94,
        "ctr": 0.008683963613859738,
        "roas": 1.7765967483254193
      },
      {
        "campaign_name": "men bo-d colors drop",
        "spend": 398.77,
        "impressions": 334273,
        "clicks": 3706.0,
        "purchases": 33,
        "revenue": 1108.57,
        "ctr": 0.011086746461724398,
        "roas": 2.779973418261153
      },
      {
        "campaign_name": "men bold clors drop",
        "spend": 908.76,
        "impressions": 297961,
        "clicks": 3547.0,
        "purchases": 49,
        "revenue": 1860.51,
        "ctr": 0.011904242501535435,
        "roas": 2.0473062194638847
      },
      {
        "campaign_name": "men bold colors drop",
        "spend": 26847.95,
        "impressions": 15676184,
        "clicks": 152074.0,
        "purchases": 1552,
        "revenue": 48778.32,
        "ctr": 0.009700957835146615,
        "roas": 1.816835922295743
      },
      {
        "campaign_name": "men co fortmax launch",
        "spend": 825.98,
        "impressions": 300700,
        "clicks": 4489.0,
        "purchases": 90,
        "revenue": 2264.44,
        "ctr": 0.014928500166278683,
        "roas": 2.741519165112957
      },
      {
        "campaign_name": "men comfor-max launch",
        "spend": 0.0,
        "impressions": 324920,
        "clicks": 4841.0,
        "purchases": 91,
        "revenue": 2999.73,
        "ctr": 0.014899052074356765,
        "roas": 2999.73
      },
      {
        "campaign_name": "men comfortmax launch",
        "spend": 21402.95,
        "impressions": 11419812,
        "clicks": 177569.0,
        "purchases": 4609,
        "revenue": 142365.82,
        "ctr": 0.015549205188316585,
        "roas": 6.651691472437211
      },
      {
        "campaign_name": "men comfotmax launch",
        "spend": 567.87,
        "impressions": 289079,
        "clicks": 5329.0,
        "purchases": 108,
        "revenue": 4295.47,
        "ctr": 0.01843440720356719,
        "roas": 7.56417842111751
      },
      {
        "campaign_name": "men omfortmax launch",
        "spend": 377.81,
        "impressions": 502373,
        "clicks": 11051.0,
        "purchases": 363,
        "revenue": 7214.13,
        "ctr": 0.021997599393279495,
        "roas": 19.09459781371589
      },
      {
        "campaign_name": "men premium modal",
        "spend": 20453.72,
        "impressions": 12250365,
        "clicks": 134460.0,
        "purchases": 3723,
        "revenue": 115568.26,
        "ctr": 0.010975999490627423,
        "roas": 5.650231840467161
      },
      {
        "campaign_name": "men s gnature soft",
        "spend": 115.14,
        "impressions": 33799,
        "clicks": 508.0,
        "purchases": 3,
        "revenue": 123.39,
        "ctr": 0.015030030474274387,
        "roas": 1.0716519020323085
      },
      {
        "campaign_name": "men sig ature soft",
        "spend": 609.56,
        "impressions": 109203,
        "clicks": 1415.0,
        "purchases": 8,
        "revenue": 148.76,
        "ctr": 0.012957519482065511,
        "roas": 0.24404488483496292
      },
      {
        "campaign_name": "men signa ure soft",
        "spend": 660.94,
        "impressions": 379431,
        "clicks": 5509.0,
        "purchases": 38,
        "revenue": 1613.41,
        "ctr": 0.014519108876185656,
        "roas": 2.441083910793718
      },
      {
        "campaign_name": "men signature soft",
        "spend": 22897.31,
        "impressions": 16202316,
        "clicks": 233171.0,
        "purchases": 1423,
        "revenue": 46457.56,
        "ctr": 0.014391214194316418,
        "roas": 2.028952745977584
      },
      {
        "campaign_name": "men | athleisure cooling",
        "spend": 30672.33,
        "impressions": 18115832,
        "clicks": 357267.0,
        "purchases": 11585,
        "revenue": 368830.14,
        "ctr": 0.019721258179033675,
        "roas": 12.024849106670409
      },
      {
        "campaign_name": "men | athlisure cooling",
        "spend": 0.0,
        "impressions": 228119,
        "clicks": 4168.0,
        "purchases": 184,
        "revenue": 4714.6,
        "ctr": 0.018271165488188183,
        "roas": 4714.6
      },
      {
        "campaign_name": "mn | athleisure cooling",
        "spend": 487.27,
        "impressions": 334200,
        "clicks": 9798.0,
        "purchases": 214,
        "revenue": 5654.74,
        "ctr": 0.029317773788150807,
        "roas": 11.604941818704209
      },
      {
        "campaign_name": "omen Summer Invisible",
        "spend": 354.82,
        "impressions": 440467,
        "clicks": 5223.0,
        "purchases": 72,
        "revenue": 1986.93,
        "ctr": 0.011857869034456611,
        "roas": 5.599825263513894
      },
      {
        "campaign_name": "omen | Studio Sports",
        "spend": 525.95,
        "impressions": 289232,
        "clicks": 3985.0,
        "purchases": 132,
        "revenue": 0.0,
        "ctr": 0.01377786690269403,
        "roas": 0.0
      },
      {
        "campaign_name": "w men cotton classics",
        "spend": 426.71,
        "impressions": 48688,
        "clicks": 427.0,
        "purchases": 11,
        "revenue": 371.39,
        "ctr": 0.008770128162997043,
        "roas": 0.8703569168756299
      },
      {
        "campaign_name": "w men fit & lift",
        "spend": 561.52,
        "impressions": 427255,
        "clicks": 9052.0,
        "purchases": 111,
        "revenue": 5579.93,
        "ctr": 0.021186410925559677,
        "roas": 9.937188345918223
      },
      {
        "campaign_name": "w-men cotton classics",
        "spend": 441.24,
        "impressions": 494553,
        "clicks": 4641.0,
        "purchases": 180,
        "revenue": 4127.62,
        "ctr": 0.009384231821463019,
        "roas": 9.354591605475477
      },
      {
        "campaign_name": "wo en fit & lift",
        "spend": 979.89,
        "impressions": 418057,
        "clicks": 6933.0,
        "purchases": 77,
        "revenue": 3606.06,
        "ctr": 0.01658386296605487,
        "roas": 3.68006612987172
      },
      {
        "campaign_name": "wo-en seamless everyday",
        "spend": 681.15,
        "impressions": 352047,
        "clicks": 3398.0,
        "purchases": 138,
        "revenue": 3226.58,
        "ctr": 0.00965212031348087,
        "roas": 4.7369595536959554
      },
      {
        "campaign_name": "woen  Summer  Invisible",
        "spend": 719.74,
        "impressions": 513788,
        "clicks": 8190.0,
        "purchases": 136,
        "revenue": 3238.58,
        "ctr": 0.015940426790816444,
        "roas": 4.499652652346681
      },
      {
        "campaign_name": "woen Summer Invisible",
        "spend": 137.63,
        "impressions": 162427,
        "clicks": 1922.0,
        "purchases": 56,
        "revenue": 2465.89,
        "ctr": 0.011833008059004968,
        "roas": 17.91680592893991
      },
      {
        "campaign_name": "wom-n_Summer_Invisible",
        "spend": 742.6,
        "impressions": 407485,
        "clicks": 4985.0,
        "purchases": 98,
        "revenue": 4587.79,
        "ctr": 0.012233579150152767,
        "roas": 6.178009695663883
      },
      {
        "campaign_name": "wome  Summer Invisible",
        "spend": 774.25,
        "impressions": 353353,
        "clicks": 4132.0,
        "purchases": 99,
        "revenue": 4697.43,
        "ctr": 0.01169368874751311,
        "roas": 6.067071359380045
      },
      {
        "campaign_name": "women  -ummer  Invisible",
        "spend": 737.89,
        "impressions": 319543,
        "clicks": 4890.0,
        "purchases": 119,
        "revenue": 3870.36,
        "ctr": 0.015303104746466047,
        "roas": 5.245172044613696
      },
      {
        "campaign_name": "women  Summ r  Invisible",
        "spend": 613.95,
        "impressions": 176180,
        "clicks": 1519.0,
        "purchases": 33,
        "revenue": 944.28,
        "ctr": 0.008621864002724485,
        "roas": 1.5380405570486195
      },
      {
        "campaign_name": "women  Summer  -nvisible",
        "spend": 349.78,
        "impressions": 241278,
        "clicks": 4304.0,
        "purchases": 120,
        "revenue": 5506.14,
        "ctr": 0.01783834415073069,
        "roas": 15.741723368974787
      },
      {
        "campaign_name": "women  Summer  Invi ible",
        "spend": 255.58,
        "impressions": 352330,
        "clicks": 3310.0,
        "purchases": 70,
        "revenue": 3466.29,
        "ctr": 0.009394601651860473,
        "roas": 13.562446200798183
      },
      {
        "campaign_name": "women  Summer  Invisib e",
        "spend": 544.2,
        "impressions": 388737,
        "clicks": 3878.0,
        "purchases": 107,
        "revenue": 4776.37,
        "ctr": 0.009975896300069198,
        "roas": 8.776865123116501
      },
      {
        "campaign_name": "women  Summer  Invisible",
        "spend": 24636.15,
        "impressions": 14580097,
        "clicks": 154447.0,
        "purchases": 3530,
        "revenue": 143648.13,
        "ctr": 0.010593002227625783,
        "roas": 5.830786466229504
      },
      {
        "campaign_name": "women Su mer Invisible",
        "spend": 168.94,
        "impressions": 449572,
        "clicks": 3545.0,
        "purchases": 75,
        "revenue": 4121.18,
        "ctr": 0.00788527755287251,
        "roas": 24.39434118621996
      },
      {
        "campaign_name": "women Summ-r Invisible",
        "spend": 516.72,
        "impressions": 483287,
        "clicks": 5283.0,
        "purchases": 90,
        "revenue": 2712.2,
        "ctr": 0.010931392733510317,
        "roas": 5.24887753522217
      },
      {
        "campaign_name": "women Summer  nvisible",
        "spend": 1346.62,
        "impressions": 390046,
        "clicks": 5187.0,
        "purchases": 71,
        "revenue": 4028.09,
        "ctr": 0.013298431467057732,
        "roas": 2.991259598104885
      },
      {
        "campaign_name": "women Summer In isible",
        "spend": 563.04,
        "impressions": 36288,
        "clicks": 469.0,
        "purchases": 8,
        "revenue": 187.21,
        "ctr": 0.012924382716049383,
        "roas": 0.3324985791418017
      },
      {
        "campaign_name": "women Summer In-isible",
        "spend": 122.63,
        "impressions": 294900,
        "clicks": 2757.0,
        "purchases": 77,
        "revenue": 2981.7,
        "ctr": 0.009348931841302137,
        "roas": 24.31460490907608
      },
      {
        "campaign_name": "women Summer Inv-sible",
        "spend": 323.0,
        "impressions": 35102,
        "clicks": 407.0,
        "purchases": 10,
        "revenue": 0.0,
        "ctr": 0.011594780924163866,
        "roas": 0.0
      },
      {
        "campaign_name": "women Summer Invi-ible",
        "spend": 751.71,
        "impressions": 44472,
        "clicks": 535.0,
        "purchases": 15,
        "revenue": 498.99,
        "ctr": 0.012030041374347905,
        "roas": 0.6638065211318195
      },
      {
        "campaign_name": "women Summer Invisble",
        "spend": 703.95,
        "impressions": 105538,
        "clicks": 943.0,
        "purchases": 19,
        "revenue": 1019.23,
        "ctr": 0.008935170270423924,
        "roas": 1.447872718232829
      },
      {
        "campaign_name": "women Summer Invisi-le",
        "spend": 299.45,
        "impressions": 478776,
        "clicks": 4277.0,
        "purchases": 73,
        "revenue": 3850.31,
        "ctr": 0.00893319631727572,
        "roas": 12.857939555852397
      },
      {
        "campaign_name": "women Summer Invisible",
        "spend": 74752.86,
        "impressions": 44545533,
        "clicks": 472714.0,
        "purchases": 9255,
        "revenue": 378346.35,
        "ctr": 0.010611928248787594,
        "roas": 5.061295982521605
      },
      {
        "campaign_name": "women c-tton classics",
        "spend": 413.54,
        "impressions": 112581,
        "clicks": 937.0,
        "purchases": 31,
        "revenue": 1257.44,
        "ctr": 0.008322896403478384,
        "roas": 3.0406732117812063
      },
      {
        "campaign_name": "women co ton classics",
        "spend": 638.73,
        "impressions": 87612,
        "clicks": 981.0,
        "purchases": 34,
        "revenue": 1779.9499999999998,
        "ctr": 0.0111970962881797,
        "roas": 2.7867017362578865
      },
      {
        "campaign_name": "women cott n classics",
        "spend": 286.42,
        "impressions": 311417,
        "clicks": 2898.0,
        "purchases": 115,
        "revenue": 4620.47,
        "ctr": 0.009305850354990253,
        "roas": 16.1317994553453
      },
      {
        "campaign_name": "women cotton clasics",
        "spend": 734.3,
        "impressions": 102919,
        "clicks": 1066.0,
        "purchases": 31,
        "revenue": 902.61,
        "ctr": 0.010357659907305746,
        "roas": 1.2292114939398067
      },
      {
        "campaign_name": "women cotton classics",
        "spend": 25073.68,
        "impressions": 14458086,
        "clicks": 137383.0,
        "purchases": 4684,
        "revenue": 209798.46,
        "ctr": 0.009502156786174878,
        "roas": 8.367278357225585
      },
      {
        "campaign_name": "women fit & ift",
        "spend": 1140.82,
        "impressions": 218732,
        "clicks": 3720.0,
        "purchases": 41,
        "revenue": 2045.55,
        "ctr": 0.01700711372821535,
        "roas": 1.7930523658421136
      },
      {
        "campaign_name": "women fit & li t",
        "spend": 0.0,
        "impressions": 258145,
        "clicks": 2011.0,
        "purchases": 23,
        "revenue": 788.83,
        "ctr": 0.007790195432799396,
        "roas": 788.83
      },
      {
        "campaign_name": "women fit & lift",
        "spend": 24434.25,
        "impressions": 15473143,
        "clicks": 265007.0,
        "purchases": 2690,
        "revenue": 109932.37,
        "ctr": 0.017126901754866482,
        "roas": 4.499109651411441
      },
      {
        "campaign_name": "women fit-& lift",
        "spend": 360.98,
        "impressions": 90440,
        "clicks": 1442.0,
        "purchases": 10,
        "revenue": 557.46,
        "ctr": 0.015944272445820435,
        "roas": 1.5442960828854784
      },
      {
        "campaign_name": "women s amless everyday",
        "spend": 1335.58,
        "impressions": 296400,
        "clicks": 2894.0,
        "purchases": 82,
        "revenue": 2437.1499999999996,
        "ctr": 0.009763832658569501,
        "roas": 1.82478773267045
      },
      {
        "campaign_name": "women s-mmer invisible",
        "spend": 712.73,
        "impressions": 103973,
        "clicks": 883.0,
        "purchases": 18,
        "revenue": 944.89,
        "ctr": 0.008492589422253855,
        "roas": 1.325733447448543
      },
      {
        "campaign_name": "women seam-ess everyday",
        "spend": 81.48,
        "impressions": 257800,
        "clicks": 2365.0,
        "purchases": 57,
        "revenue": 3154.27,
        "ctr": 0.00917377812257564,
        "roas": 38.71219931271477
      },
      {
        "campaign_name": "women seamess everyday",
        "spend": 360.69,
        "impressions": 84675,
        "clicks": 650.0,
        "purchases": 18,
        "revenue": 827.53,
        "ctr": 0.007676409802184824,
        "roas": 2.294297041781031
      },
      {
        "campaign_name": "women seaml-ss everyday",
        "spend": 281.15,
        "impressions": 32617,
        "clicks": 345.0,
        "purchases": 12,
        "revenue": 604.97,
        "ctr": 0.010577306312659043,
        "roas": 2.151769518050863
      },
      {
        "campaign_name": "women seamless everday",
        "spend": 1083.36,
        "impressions": 267204,
        "clicks": 2519.0,
        "purchases": 56,
        "revenue": 2189.13,
        "ctr": 0.00942725408302271,
        "roas": 2.0206856446610546
      },
      {
        "campaign_name": "women seamless everyday",
        "spend": 22807.11,
        "impressions": 13755475,
        "clicks": 109195.0,
        "purchases": 2944,
        "revenue": 120865.41,
        "ctr": 0.007938293661251247,
        "roas": 5.2994618783353085
      },
      {
        "campaign_name": "women seamless-everyday",
        "spend": 286.52,
        "impressions": 338861,
        "clicks": 3031.0,
        "purchases": 104,
        "revenue": 4743.39,
        "ctr": 0.00894467052862383,
        "roas": 16.555179394108617
      },
      {
        "campaign_name": "women su-mer invisible",
        "spend": 307.57,
        "impressions": 287625,
        "clicks": 1647.0,
        "purchases": 26,
        "revenue": 0.0,
        "ctr": 0.0057262059973924384,
        "roas": 0.0
      },
      {
        "campaign_name": "women summe- invisible",
        "spend": 252.85,
        "impressions": 189138,
        "clicks": 1673.0,
        "purchases": 33,
        "revenue": 1372.57,
        "ctr": 0.008845393310704353,
        "roas": 5.4283962823808585
      },
      {
        "campaign_name": "women summer in isible",
        "spend": 625.02,
        "impressions": 127198,
        "clicks": 1202.0,
        "purchases": 24,
        "revenue": 653.48,
        "ctr": 0.00944983411688863,
        "roas": 1.0455345428946274
      },
      {
        "campaign_name": "women summer invisible",
        "spend": 21698.93,
        "impressions": 11149957,
        "clicks": 118267.0,
        "purchases": 2193,
        "revenue": 97626.15,
        "ctr": 0.01060694673531028,
        "roas": 4.499122767804679
      },
      {
        "campaign_name": "women | studio sp-rts",
        "spend": 32.57,
        "impressions": 119026,
        "clicks": 1363.0,
        "purchases": 49,
        "revenue": 2487.49,
        "ctr": 0.01145127955236671,
        "roas": 76.37365673933067
      },
      {
        "campaign_name": "women | studio spo ts",
        "spend": 592.85,
        "impressions": 190126,
        "clicks": 1170.0,
        "purchases": 30,
        "revenue": 0.0,
        "ctr": 0.00615381378664675,
        "roas": 0.0
      },
      {
        "campaign_name": "women | studio sports",
        "spend": 27217.670000000002,
        "impressions": 16319951,
        "clicks": 165625.0,
        "purchases": 6194,
        "revenue": 238813.45,
        "ctr": 0.010148621157012053,
        "roas": 8.774206241753978
      },
      {
        "campaign_name": "women | studio sprts",
        "spend": 1185.21,
        "impressions": 138828,
        "clicks": 1905.0,
        "purchases": 49,
        "revenue": 1468.43,
        "ctr": 0.013722015731696777,
        "roas": 1.2389618717358106
      },
      {
        "campaign_name": "women-| studio sports",
        "spend": 740.52,
        "impressions": 154939,
        "clicks": 2510.0,
        "purchases": 93,
        "revenue": 3689.11,
        "ctr": 0.01619992384099549,
        "roas": 4.981783071355264
      },
      {
        "campaign_name": "women_Summe _Invisible",
        "spend": 1026.3,
        "impressions": 411098,
        "clicks": 3155.0,
        "purchases": 0,
        "revenue": 2471.14,
        "ctr": 0.007674569080851768,
        "roas": 2.407814479197116
      },
      {
        "campaign_name": "women_Summer_Inisible",
        "spend": 471.28,
        "impressions": 32574,
        "clicks": 311.0,
        "purchases": 6,
        "revenue": 251.79,
        "ctr": 0.00954749186467735,
        "roas": 0.5342683754880326
      },
      {
        "campaign_name": "women_Summer_Invisi-le",
        "spend": 431.95,
        "impressions": 40462,
        "clicks": 349.0,
        "purchases": 8,
        "revenue": 329.68,
        "ctr": 0.00862537689684148,
        "roas": 0.763236485704364
      },
      {
        "campaign_name": "women_Summer_Invisible",
        "spend": 26526.92,
        "impressions": 14659080,
        "clicks": 161050.0,
        "purchases": 3256,
        "revenue": 127373.81,
        "ctr": 0.010986364765046646,
        "roas": 4.801681084724499
      },
      {
        "campaign_name": "womn  Summer  Invisible",
        "spend": 327.93,
        "impressions": 109918,
        "clicks": 1370.0,
        "purchases": 40,
        "revenue": 1000.56,
        "ctr": 0.01246383667825106,
        "roas": 3.051138962583478
      },
      {
        "campaign_name": "womn cotton classics",
        "spend": 387.23,
        "impressions": 237466,
        "clicks": 1876.0,
        "purchases": 58,
        "revenue": 2644.89,
        "ctr": 0.007900078327002602,
        "roas": 6.830281744699532
      }
    ],
    "columns": [
      "campaign_name",
      "adset_name",
      "date",
      "spend",
      "impressions",
      "clicks",
      "ctr",
      "purchases",
      "revenue",
      "roas",
      "creative_type",
      "creative_message",
      "audience_type",
      "platform",
      "country"
    ]
  },
  "candidates": [
    {
      "id": "roas_spend_negative",
      "hypothesis": "Increasing spend correlates with decreasing ROAS",
      "metric": "roas_vs_spend",
      "value": -0.46883385950206574,
      "evidence": {
        "correlation": -0.46883385950206574
      }
    },
    {
      "id": "fatigue_ OMEN COTTON CLASSICS",
      "hypothesis": "High frequency + low CTR indicates audience fatigue",
      "campaign": " OMEN COTTON CLASSICS",
      "metric": "frequency",
      "evidence": {
        "campaign": " OMEN COTTON CLASSICS",
        "frequency": 22.171,
        "ctr": 0.0075774660592666096
      }
    },
    {
      "id": "fatigue_-omen-Studio Sports",
      "hypothesis": "High frequency + low CTR indicates audience fatigue",
      "campaign": "-omen-Studio Sports",
      "metric": "frequency",
      "evidence": {
        "campaign": "-omen-Studio Sports",
        "frequency": 282.75,
        "ctr": 0.009563218390804597
      }
    },
    {
      "id": "fatigue_M-n Bold Colors Drop",
      "hypothesis": "High frequency + low CTR indicates audience fatigue",
      "campaign": "M-n Bold Colors Drop",
      "metric": "frequency",
      "evidence": {
        "campaign": "M-n Bold Colors Drop",
        "frequency": 303.822,
        "ctr": 0.007626175852966539
      }
    },
    {
      "id": "fatigue_MEN  Signture  Soft",
      "hypothesis": "High frequency + low CTR indicates audience fatigue",
      "campaign": "MEN  Signture  Soft",
      "metric": "frequency",
      "evidence": {
        "campaign": "MEN  Signture  Soft",
        "frequency": 285.644,
        "ctr": 0.005513856408676535
      }
    },
    {
      "id": "fatigue_MEN B LD COLORS DROP",
      "hypothesis": "High frequency + low CTR indicates audience fatigue",
      "campaign": "MEN B LD COLORS DROP",
      "metric": "frequency",
      "evidence": {
        "campaign": "MEN B LD COLORS DROP",
        "frequency": 42.524,
        "ctr": 0.008959646317373718
      }
    },
    {
      "id": "fatigue_MEN BOL COLORS DROP",
      "hypothesis": "High frequency + low CTR indicates audience fatigue",
      "campaign": "MEN BOL COLORS DROP",
      "metric": "frequency",
      "evidence": {
        "campaign": "MEN BOL COLORS DROP",
        "frequency": 122.505,
        "ctr": 0.004522264397371536
      }
    },
    {
      "id": "fatigue_MEN BOLD  OLORS DROP",
      "hypothesis": "High frequency + low CTR indicates audience fatigue",
      "campaign": "MEN BOLD  OLORS DROP",
      "metric": "frequency",
      "evidence": {
        "campaign": "MEN BOLD  OLORS DROP",
        "frequency": 223.404,
        "ctr": 0.006118959374048809
      }
    },
    {
      "id": "fatigue_MEN BOLD COL RS DROP",
      "hypothesis": "High frequency + low CTR indicates audience fatigue",
      "campaign": "MEN BOLD COL RS DROP",
      "metric": "frequency",
      "evidence": {
        "campaign": "MEN BOLD COL RS DROP",
        "frequency": 166.452,
        "ctr": 0.005382933217984764
      }
    },
    {
      "id": "fatigue_MEN BOLD COLORS DROP",
      "hypothesis": "High frequency + low CTR indicates audience fatigue",
      "campaign": "MEN BOLD COLORS DROP",
      "metric": "frequency",
      "evidence": {
        "campaign": "MEN BOLD COLORS DROP",
        "frequency": 186.55040229885057,
        "ctr": 0.00882704960632808
      }
    },
    {
      "id": "fatigue_MEN COMFORTMA LAUNCH",
      "hypothesis": "High frequency + low CTR indicates audience fatigue",
      "campaign": "MEN COMFORTMA LAUNCH",
      "metric": "frequency",
      "evidence": {
        "campaign": "MEN COMFORTMA LAUNCH",
        "frequency": 43.599,
        "ctr": 0.009541503245487281
      }
    },
    {
      "id": "fatigue_MEN PREMIUM MOD-L",
      "hypothesis": "High frequency + low CTR indicates audience fatigue",
      "campaign": "MEN PREMIUM MOD-L",
      "metric": "frequency",
      "evidence": {
        "campaign": "MEN PREMIUM MOD-L",
        "frequency": 67.126,
        "ctr": 0.005705687810982332
      }
    },
    {
      "id": "fatigue_MEN Sinature Soft",
      "hypothesis": "High frequency + low CTR indicates audience fatigue",
      "campaign": "MEN Sinature Soft",
      "metric": "frequency",
      "evidence": {
        "campaign": "MEN Sinature Soft",
        "frequency": 321.405,
        "ctr": 0.009806941397924736
      }
    },
    {
      "id": "fatigue_Me   Premium  Modal",
      "hypothesis": "High frequency + low CTR indicates audience fatigue",
      "campaign": "Me   Premium  Modal",
      "metric": "frequency",
      "evidence": {
        "campaign": "Me   Premium  Modal",
        "frequency": 403.636,
        "ctr": 0.006079735206968655
      }
    },
    {
      "id": "fatigue_Men  Bold  Colors  Drop",
      "hypothesis": "High frequency + low CTR indicates audience fatigue",
      "campaign": "Men  Bold  Colors  Drop",
      "metric": "frequency",
      "evidence": {
        "campaign": "Men  Bold  Colors  Drop",
        "frequency": 162.98867777777778,
        "ctr": 0.009500796272079158
      }
    },
    {
      "id": "fatigue_Men  Bold  Coors  Drop",
      "hypothesis": "High frequency + low CTR indicates audience fatigue",
      "campaign": "Men  Bold  Coors  Drop",
      "metric": "frequency",
      "evidence": {
        "campaign": "Men  Bold  Coors  Drop",
        "frequency": 21.626,
        "ctr": 0.007167298622029039
      }
    },
    {
      "id": "fatigue_Men -old Colors Drop",
      "hypothesis": "High frequency + low CTR indicates audience fatigue",
      "campaign": "Men -old Colors Drop",
      "metric": "frequency",
      "evidence": {
        "campaign": "Men -old Colors Drop",
        "frequency": 290.072,
        "ctr": 0.008339308861248241
      }
    },
    {
      "id": "fatigue_Men -|  Athleisure  Cooling",
      "hypothesis": "High frequency + low CTR indicates audience fatigue",
      "campaign": "Men -|  Athleisure  Cooling",
      "metric": "frequency",
      "evidence": {
        "campaign": "Men -|  Athleisure  Cooling",
        "frequency": 120.672,
        "ctr": 0.0
      }
    },
    {
      "id": "fatigue_Men B-ld Colors Drop",
      "hypothesis": "High frequency + low CTR indicates audience fatigue",
      "campaign": "Men B-ld Colors Drop",
      "metric": "frequency",
      "evidence": {
        "campaign": "Men B-ld Colors Drop",
        "frequency": 137.218,
        "ctr": 0.006624495328601204
      }
    },
    {
      "id": "fatigue_Men Bol Colors Drop",
      "hypothesis": "High frequency + low CTR indicates audience fatigue",
      "campaign": "Men Bol Colors Drop",
      "metric": "frequency",
      "evidence": {
        "campaign": "Men Bol Colors Drop",
        "frequency": 294.602,
        "ctr": 0.009592602901541741
      }
    },
    {
      "id": "fatigue_Men Bold -olors Drop",
      "hypothesis": "High frequency + low CTR indicates audience fatigue",
      "campaign": "Men Bold -olors Drop",
      "metric": "frequency",
      "evidence": {
        "campaign": "Men Bold -olors Drop",
        "frequency": 208.052,
        "ctr": 0.00927172053140561
      }
    },
    {
      "id": "fatigue_Men Bold Col-rs Drop",
      "hypothesis": "High frequency + low CTR indicates audience fatigue",
      "campaign": "Men Bold Col-rs Drop",
      "metric": "frequency",
      "evidence": {
        "campaign": "Men Bold Col-rs Drop",
        "frequency": 367.632,
        "ctr": 0.008391543717630675
      }
    },
    {
      "id": "fatigue_Men Bold Colors Dr p",
      "hypothesis": "High frequency + low CTR indicates audience fatigue",
      "campaign": "Men Bold Colors Dr p",
      "metric": "frequency",
      "evidence": {
        "campaign": "Men Bold Colors Dr p",
        "frequency": 30.932,
        "ctr": 0.008890469416785207
      }
    },
    {
      "id": "fatigue_Men Bold Colors Drop",
      "hypothesis": "High frequency + low CTR indicates audience fatigue",
      "campaign": "Men Bold Colors Drop",
      "metric": "frequency",
      "evidence": {
        "campaign": "Men Bold Colors Drop",
        "frequency": 590.5383888888889,
        "ctr": 0.008280805152285235
      }
    },
    {
      "id": "fatigue_Men BoldColors Drop",
      "hypothesis": "High frequency + low CTR indicates audience fatigue",
      "campaign": "Men BoldColors Drop",
      "metric": "frequency",
      "evidence": {
        "campaign": "Men BoldColors Drop",
        "frequency": 173.827,
        "ctr": 0.006098016993907736
      }
    },
    {
      "id": "fatigue_Men Pr-mium Modal",
      "hypothesis": "High frequency + low CTR indicates audience fatigue",
      "campaign": "Men Pr-mium Modal",
      "metric": "frequency",
      "evidence": {
        "campaign": "Men Pr-mium Modal",
        "frequency": 510.469,
        "ctr": 0.0
      }
    },
    {
      "id": "fatigue_Men Prem um Modal",
      "hypothesis": "High frequency + low CTR indicates audience fatigue",
      "campaign": "Men Prem um Modal",
      "metric": "frequency",
      "evidence": {
        "campaign": "Men Prem um Modal",
        "frequency": 37.208,
        "ctr": 0.0077402709094818315
      }
    },
    {
      "id": "fatigue_Men Premiu- Modal",
      "hypothesis": "High frequency + low CTR indicates audience fatigue",
      "campaign": "Men Premiu- Modal",
      "metric": "frequency",
      "evidence": {
        "campaign": "Men Premiu- Modal",
        "frequency": 222.084,
        "ctr": 0.0
      }
    },
    {
      "id": "fatigue_Men Premium -odal",
      "hypothesis": "High frequency + low CTR indicates audience fatigue",
      "campaign": "Men Premium -odal",
      "metric": "frequency",
      "evidence": {
        "campaign": "Men Premium -odal",
        "frequency": 118.261,
        "ctr": 0.00655330159562324
      }
    },
    {
      "id": "fatigue_Men Premium M-dal",
      "hypothesis": "High frequency + low CTR indicates audience fatigue",
      "campaign": "Men Premium M-dal",
      "metric": "frequency",
      "evidence": {
        "campaign": "Men Premium M-dal",
        "frequency": 336.441,
        "ctr": 0.00979369339646476
      }
    },
    {
      "id": "fatigue_Men remium Modal",
      "hypothesis": "High frequency + low CTR indicates audience fatigue",
      "campaign": "Men remium Modal",
      "metric": "frequency",
      "evidence": {
        "campaign": "Men remium Modal",
        "frequency": 367.13,
        "ctr": 0.008443875466456023
      }
    },
    {
      "id": "fatigue_Men- Premium  Modal",
      "hypothesis": "High frequency + low CTR indicates audience fatigue",
      "campaign": "Men- Premium  Modal",
      "metric": "frequency",
      "evidence": {
        "campaign": "Men- Premium  Modal",
        "frequency": 301.636,
        "ctr": 0.008135633677677731
      }
    },
    {
      "id": "fatigue_Men-Premium Modal",
      "hypothesis": "High frequency + low CTR indicates audience fatigue",
      "campaign": "Men-Premium Modal",
      "metric": "frequency",
      "evidence": {
        "campaign": "Men-Premium Modal",
        "frequency": 285.548,
        "ctr": 0.009854735456035412
      }
    },
    {
      "id": "fatigue_Men_Bold_Colors_Drop",
      "hypothesis": "High frequency + low CTR indicates audience fatigue",
      "campaign": "Men_Bold_Colors_Drop",
      "metric": "frequency",
      "evidence": {
        "campaign": "Men_Bold_Colors_Drop",
        "frequency": 147.8343882352941,
        "ctr": 0.009326652725788627
      }
    },
    {
      "id": "fatigue_Men_Premium_Modal",
      "hypothesis": "High frequency + low CTR indicates audience fatigue",
      "campaign": "Men_Premium_Modal",
      "metric": "frequency",
      "evidence": {
        "campaign": "Men_Premium_Modal",
        "frequency": 148.20606896551723,
        "ctr": 0.009734737156900519
      }
    },
    {
      "id": "fatigue_W MEN Cotton Classics",
      "hypothesis": "High frequency + low CTR indicates audience fatigue",
      "campaign": "W MEN Cotton Classics",
      "metric": "frequency",
      "evidence": {
        "campaign": "W MEN Cotton Classics",
        "frequency": 516.847,
        "ctr": 0.008845944737997899
      }
    },
    {
      "id": "fatigue_W men Summer Invisible",
      "hypothesis": "High frequency + low CTR indicates audience fatigue",
      "campaign": "W men Summer Invisible",
      "metric": "frequency",
      "evidence": {
        "campaign": "W men Summer Invisible",
        "frequency": 271.27,
        "ctr": 0.008323810225974122
      }
    },
    {
      "id": "fatigue_WMEN Seamless Everyday",
      "hypothesis": "High frequency + low CTR indicates audience fatigue",
      "campaign": "WMEN Seamless Everyday",
      "metric": "frequency",
      "evidence": {
        "campaign": "WMEN Seamless Everyday",
        "frequency": 222.142,
        "ctr": 0.009822545939084009
      }
    },
    {
      "id": "fatigue_WOEN  Cotton  Classics",
      "hypothesis": "High frequency + low CTR indicates audience fatigue",
      "campaign": "WOEN  Cotton  Classics",
      "metric": "frequency",
      "evidence": {
        "campaign": "WOEN  Cotton  Classics",
        "frequency": 225.783,
        "ctr": 0.005438850577767148
      }
    },
    {
      "id": "fatigue_WOEN FIT & LIFT",
      "hypothesis": "High frequency + low CTR indicates audience fatigue",
      "campaign": "WOEN FIT & LIFT",
      "metric": "frequency",
      "evidence": {
        "campaign": "WOEN FIT & LIFT",
        "frequency": 282.108,
        "ctr": 0.006851985764317212
      }
    },
    {
      "id": "fatigue_WOMEN  -eamless  Everyday",
      "hypothesis": "High frequency + low CTR indicates audience fatigue",
      "campaign": "WOMEN  -eamless  Everyday",
      "metric": "frequency",
      "evidence": {
        "campaign": "WOMEN  -eamless  Everyday",
        "frequency": 88.153,
        "ctr": 0.00972173380372761
      }
    },
    {
      "id": "fatigue_WOMEN  Cotton  Classics",
      "hypothesis": "High frequency + low CTR indicates audience fatigue",
      "campaign": "WOMEN  Cotton  Classics",
      "metric": "frequency",
      "evidence": {
        "campaign": "WOMEN  Cotton  Classics",
        "frequency": 140.6411011235955,
        "ctr": 0.009730880850755824
      }
    },
    {
      "id": "fatigue_WOMEN  Seamles   Everyday",
      "hypothesis": "High frequency + low CTR indicates audience fatigue",
      "campaign": "WOMEN  Seamles   Everyday",
      "metric": "frequency",
      "evidence": {
        "campaign": "WOMEN  Seamles   Everyday",
        "frequency": 109.081,
        "ctr": 0.009103326885525436
      }
    },
    {
      "id": "fatigue_WOMEN  Seamless  Everyday",
      "hypothesis": "High frequency + low CTR indicates audience fatigue",
      "campaign": "WOMEN  Seamless  Everyday",
      "metric": "frequency",
      "evidence": {
        "campaign": "WOMEN  Seamless  Everyday",
        "frequency": 168.41121348314607,
        "ctr": 0.0072809344809968216
      }
    },
    {
      "id": "fatigue_WOMEN COTTON CLASSIS",
      "hypothesis": "High frequency + low CTR indicates audience fatigue",
      "campaign": "WOMEN COTTON CLASSIS",
      "metric": "frequency",
      "evidence": {
        "campaign": "WOMEN COTTON CLASSIS",
        "frequency": 346.839,
        "ctr": 0.009612529156179092
      }
    },
    {
      "id": "fatigue_WOMEN Cot-on Classics",
      "hypothesis": "High frequency + low CTR indicates audience fatigue",
      "campaign": "WOMEN Cot-on Classics",
      "metric": "frequency",
      "evidence": {
        "campaign": "WOMEN Cot-on Classics",
        "frequency": 452.982,
        "ctr": 0.0095169344477264
      }
    },
    {
      "id": "fatigue_WOMEN SEAM ESS EVERYDAY",
      "hypothesis": "High frequency + low CTR indicates audience fatigue",
      "campaign": "WOMEN SEAM ESS EVERYDAY",
      "metric": "frequency",
      "evidence": {
        "campaign": "WOMEN SEAM ESS EVERYDAY",
        "frequency": 381.636,
        "ctr": 0.009220828223752477
      }
    },
    {
      "id": "fatigue_WOMEN SEAMLESS EV RYDAY",
      "hypothesis": "High frequency + low CTR indicates audience fatigue",
      "campaign": "WOMEN SEAMLESS EV RYDAY",
      "metric": "frequency",
      "evidence": {
        "campaign": "WOMEN SEAMLESS EV RYDAY",
        "frequency": 231.358,
        "ctr": 0.007875240968542259
      }
    },
    {
      "id": "fatigue_WOMEN SEAMLESS EVE YDAY",
      "hypothesis": "High frequency + low CTR indicates audience fatigue",
      "campaign": "WOMEN SEAMLESS EVE YDAY",
      "metric": "frequency",
      "evidence": {
        "campaign": "WOMEN SEAMLESS EVE YDAY",
        "frequency": 76.426,
        "ctr": 0.007510533064663858
      }
    },
    {
      "id": "fatigue_WOMEN SEAMLESS EVERYDAY",
      "hypothesis": "High frequency + low CTR indicates audience fatigue",
      "campaign": "WOMEN SEAMLESS EVERYDAY",
      "metric": "frequency",
      "evidence": {
        "campaign": "WOMEN SEAMLESS EVERYDAY",
        "frequency": 159.5497,
        "ctr": 0.007860943086142507
      }
    },
    {
      "id": "fatigue_WOMEN Seamless Eeryday",
      "hypothesis": "High frequency + low CTR indicates audience fatigue",
      "campaign": "WOMEN Seamless Eeryday",
      "metric": "frequency",
      "evidence": {
        "campaign": "WOMEN Seamless Eeryday",
        "frequency": 377.449,
        "ctr": 0.009598647764333725
      }
    },
    {
      "id": "fatigue_WOMEN Seamless Everyday",
      "hypothesis": "High frequency + low CTR indicates audience fatigue",
      "campaign": "WOMEN Seamless Everyday",
      "metric": "frequency",
      "evidence": {
        "campaign": "WOMEN Seamless Everyday",
        "frequency": 492.9702808988764,
        "ctr": 0.00855688932635021
      }
    },
    {
      "id": "fatigue_WOMEN Seamless Everydy",
      "hypothesis": "High frequency + low CTR indicates audience fatigue",
      "campaign": "WOMEN Seamless Everydy",
      "metric": "frequency",
      "evidence": {
        "campaign": "WOMEN Seamless Everydy",
        "frequency": 463.408,
        "ctr": 0.005261022684114215
      }
    },
    {
      "id": "fatigue_WOMEN Semless Everyday",
      "hypothesis": "High frequency + low CTR indicates audience fatigue",
      "campaign": "WOMEN Semless Everyday",
      "metric": "frequency",
      "evidence": {
        "campaign": "WOMEN Semless Everyday",
        "frequency": 97.354,
        "ctr": 0.0
      }
    },
    {
      "id": "fatigue_WOMEN eamless Everyday",
      "hypothesis": "High frequency + low CTR indicates audience fatigue",
      "campaign": "WOMEN eamless Everyday",
      "metric": "frequency",
      "evidence": {
        "campaign": "WOMEN eamless Everyday",
        "frequency": 40.709,
        "ctr": 0.008646736593873591
      }
    },
    {
      "id": "fatigue_WOMEN | SUDIO SPORTS",
      "hypothesis": "High frequency + low CTR indicates audience fatigue",
      "campaign": "WOMEN | SUDIO SPORTS",
      "metric": "frequency",
      "evidence": {
        "campaign": "WOMEN | SUDIO SPORTS",
        "frequency": 207.501,
        "ctr": 0.009252967455578527
      }
    },
    {
      "id": "fatigue_WOMENSeamless Everyday",
      "hypothesis": "High frequency + low CTR indicates audience fatigue",
      "campaign": "WOMENSeamless Everyday",
      "metric": "frequency",
      "evidence": {
        "campaign": "WOMENSeamless Everyday",
        "frequency": 174.848,
        "ctr": 0.009093612737920937
      }
    },
    {
      "id": "fatigue_WOMEN_Cot-on_Classics",
      "hypothesis": "High frequency + low CTR indicates audience fatigue",
      "campaign": "WOMEN_Cot-on_Classics",
      "metric": "frequency",
      "evidence": {
        "campaign": "WOMEN_Cot-on_Classics",
        "frequency": 512.834,
        "ctr": 0.0
      }
    },
    {
      "id": "fatigue_WOMEN_Seamless_Ever-day",
      "hypothesis": "High frequency + low CTR indicates audience fatigue",
      "campaign": "WOMEN_Seamless_Ever-day",
      "metric": "frequency",
      "evidence": {
        "campaign": "WOMEN_Seamless_Ever-day",
        "frequency": 142.145,
        "ctr": 0.008118470575820465
      }
    },
    {
      "id": "fatigue_WOMEN_Seamless_Everyday",
      "hypothesis": "High frequency + low CTR indicates audience fatigue",
      "campaign": "WOMEN_Seamless_Everyday",
      "metric": "frequency",
      "evidence": {
        "campaign": "WOMEN_Seamless_Everyday",
        "frequency": 142.8267840909091,
        "ctr": 0.007909135326587984
      }
    },
    {
      "id": "fatigue_WOMN_Cotton_Classics",
      "hypothesis": "High frequency + low CTR indicates audience fatigue",
      "campaign": "WOMN_Cotton_Classics",
      "metric": "frequency",
      "evidence": {
        "campaign": "WOMN_Cotton_Classics",
        "frequency": 243.469,
        "ctr": 0.0060048712567103
      }
    },
    {
      "id": "fatigue_Wmen | Studio Sports",
      "hypothesis": "High frequency + low CTR indicates audience fatigue",
      "campaign": "Wmen | Studio Sports",
      "metric": "frequency",
      "evidence": {
        "campaign": "Wmen | Studio Sports",
        "frequency": 182.623,
        "ctr": 0.0062149893496438015
      }
    },
    {
      "id": "fatigue_Wom-n Fit & Lift",
      "hypothesis": "High frequency + low CTR indicates audience fatigue",
      "campaign": "Wom-n Fit & Lift",
      "metric": "frequency",
      "evidence": {
        "campaign": "Wom-n Fit & Lift",
        "frequency": 74.945,
        "ctr": 0.0
      }
    },
    {
      "id": "fatigue_Women C-tton Classics",
      "hypothesis": "High frequency + low CTR indicates audience fatigue",
      "campaign": "Women C-tton Classics",
      "metric": "frequency",
      "evidence": {
        "campaign": "Women C-tton Classics",
        "frequency": 52.394,
        "ctr": 0.007958926594648242
      }
    },
    {
      "id": "fatigue_Women Cottn Classics",
      "hypothesis": "High frequency + low CTR indicates audience fatigue",
      "campaign": "Women Cottn Classics",
      "metric": "frequency",
      "evidence": {
        "campaign": "Women Cottn Classics",
        "frequency": 217.209,
        "ctr": 0.008360611208559498
      }
    },
    {
      "id": "fatigue_Women Cotton lassics",
      "hypothesis": "High frequency + low CTR indicates audience fatigue",
      "campaign": "Women Cotton lassics",
      "metric": "frequency",
      "evidence": {
        "campaign": "Women Cotton lassics",
        "frequency": 474.673,
        "ctr": 0.008294130906961213
      }
    },
    {
      "id": "fatigue_Women Fit  Lift",
      "hypothesis": "High frequency + low CTR indicates audience fatigue",
      "campaign": "Women Fit  Lift",
      "metric": "frequency",
      "evidence": {
        "campaign": "Women Fit  Lift",
        "frequency": 270.275,
        "ctr": 0.008321154379798353
      }
    },
    {
      "id": "fatigue_Women Seamless Eve yday",
      "hypothesis": "High frequency + low CTR indicates audience fatigue",
      "campaign": "Women Seamless Eve yday",
      "metric": "frequency",
      "evidence": {
        "campaign": "Women Seamless Eve yday",
        "frequency": 176.157,
        "ctr": 0.0
      }
    },
    {
      "id": "fatigue_Women Seamless Everyday",
      "hypothesis": "High frequency + low CTR indicates audience fatigue",
      "campaign": "Women Seamless Everyday",
      "metric": "frequency",
      "evidence": {
        "campaign": "Women Seamless Everyday",
        "frequency": 157.78906896551726,
        "ctr": 0.007431498284957606
      }
    },
    {
      "id": "fatigue_Women Summer In-isible",
      "hypothesis": "High frequency + low CTR indicates audience fatigue",
      "campaign": "Women Summer In-isible",
      "metric": "frequency",
      "evidence": {
        "campaign": "Women Summer In-isible",
        "frequency": 59.91,
        "ctr": 0.009697880153563678
      }
    },
    {
      "id": "fatigue_Women | Stu io Sports",
      "hypothesis": "High frequency + low CTR indicates audience fatigue",
      "campaign": "Women | Stu io Sports",
      "metric": "frequency",
      "evidence": {
        "campaign": "Women | Stu io Sports",
        "frequency": 487.391,
        "ctr": 0.009292334080850898
      }
    },
    {
      "id": "fatigue_Women | Studio Sp rts",
      "hypothesis": "High frequency + low CTR indicates audience fatigue",
      "campaign": "Women | Studio Sp rts",
      "metric": "frequency",
      "evidence": {
        "campaign": "Women | Studio Sp rts",
        "frequency": 96.14,
        "ctr": 0.009798210942375702
      }
    },
    {
      "id": "fatigue_Women | Studio Spo-ts",
      "hypothesis": "High frequency + low CTR indicates audience fatigue",
      "campaign": "Women | Studio Spo-ts",
      "metric": "frequency",
      "evidence": {
        "campaign": "Women | Studio Spo-ts",
        "frequency": 220.998,
        "ctr": 0.009461624087095812
      }
    },
    {
      "id": "fatigue_Women-Studio -ports",
      "hypothesis": "High frequency + low CTR indicates audience fatigue",
      "campaign": "Women-Studio -ports",
      "metric": "frequency",
      "evidence": {
        "campaign": "Women-Studio -ports",
        "frequency": 298.747,
        "ctr": 0.00900762183385942
      }
    },
    {
      "id": "fatigue_Women-Studio S orts",
      "hypothesis": "High frequency + low CTR indicates audience fatigue",
      "campaign": "Women-Studio S orts",
      "metric": "frequency",
      "evidence": {
        "campaign": "Women-Studio S orts",
        "frequency": 270.653,
        "ctr": 0.006554518146852243
      }
    },
    {
      "id": "fatigue_Women-Studio Spo-ts",
      "hypothesis": "High frequency + low CTR indicates audience fatigue",
      "campaign": "Women-Studio Spo-ts",
      "metric": "frequency",
      "evidence": {
        "campaign": "Women-Studio Spo-ts",
        "frequency": 268.566,
        "ctr": 0.0
      }
    },
    {
      "id": "fatigue_Women-Studio-Sports",
      "hypothesis": "High frequency + low CTR indicates audience fatigue",
      "campaign": "Women-Studio-Sports",
      "metric": "frequency",
      "evidence": {
        "campaign": "Women-Studio-Sports",
        "frequency": 144.211,
        "ctr": 0.00887588325439807
      }
    },
    {
      "id": "fatigue_WomenCotton Classics",
      "hypothesis": "High frequency + low CTR indicates audience fatigue",
      "campaign": "WomenCotton Classics",
      "metric": "frequency",
      "evidence": {
        "campaign": "WomenCotton Classics",
        "frequency": 83.855,
        "ctr": 0.009492576471289727
      }
    },
    {
      "id": "fatigue_Women_|-Studio_Sports",
      "hypothesis": "High frequency + low CTR indicates audience fatigue",
      "campaign": "Women_|-Studio_Sports",
      "metric": "frequency",
      "evidence": {
        "campaign": "Women_|-Studio_Sports",
        "frequency": 155.276,
        "ctr": 0.009673098225095959
      }
    },
    {
      "id": "fatigue_me bold colors drop",
      "hypothesis": "High frequency + low CTR indicates audience fatigue",
      "campaign": "me bold colors drop",
      "metric": "frequency",
      "evidence": {
        "campaign": "me bold colors drop",
        "frequency": 405.401,
        "ctr": 0.009151432778902863
      }
    },
    {
      "id": "fatigue_men bld colors drop",
      "hypothesis": "High frequency + low CTR indicates audience fatigue",
      "campaign": "men bld colors drop",
      "metric": "frequency",
      "evidence": {
        "campaign": "men bld colors drop",
        "frequency": 150.277,
        "ctr": 0.008683963613859738
      }
    },
    {
      "id": "fatigue_men bold colors drop",
      "hypothesis": "High frequency + low CTR indicates audience fatigue",
      "campaign": "men bold colors drop",
      "metric": "frequency",
      "evidence": {
        "campaign": "men bold colors drop",
        "frequency": 174.1798222222222,
        "ctr": 0.009700957835146615
      }
    },
    {
      "id": "fatigue_w men cotton classics",
      "hypothesis": "High frequency + low CTR indicates audience fatigue",
      "campaign": "w men cotton classics",
      "metric": "frequency",
      "evidence": {
        "campaign": "w men cotton classics",
        "frequency": 48.688,
        "ctr": 0.008770128162997043
      }
    },
    {
      "id": "fatigue_w-men cotton classics",
      "hypothesis": "High frequency + low CTR indicates audience fatigue",
      "campaign": "w-men cotton classics",
      "metric": "frequency",
      "evidence": {
        "campaign": "w-men cotton classics",
        "frequency": 494.553,
        "ctr": 0.009384231821463019
      }
    },
    {
      "id": "fatigue_wo-en seamless everyday",
      "hypothesis": "High frequency + low CTR indicates audience fatigue",
      "campaign": "wo-en seamless everyday",
      "metric": "frequency",
      "evidence": {
        "campaign": "wo-en seamless everyday",
        "frequency": 352.047,
        "ctr": 0.00965212031348087
      }
    },
    {
      "id": "fatigue_women  Summ r  Invisible",
      "hypothesis": "High frequency + low CTR indicates audience fatigue",
      "campaign": "women  Summ r  Invisible",
      "metric": "frequency",
      "evidence": {
        "campaign": "women  Summ r  Invisible",
        "frequency": 176.18,
        "ctr": 0.008621864002724485
      }
    },
    {
      "id": "fatigue_women  Summer  Invi ible",
      "hypothesis": "High frequency + low CTR indicates audience fatigue",
      "campaign": "women  Summer  Invi ible",
      "metric": "frequency",
      "evidence": {
        "campaign": "women  Summer  Invi ible",
        "frequency": 352.33,
        "ctr": 0.009394601651860473
      }
    },
    {
      "id": "fatigue_women  Summer  Invisib e",
      "hypothesis": "High frequency + low CTR indicates audience fatigue",
      "campaign": "women  Summer  Invisib e",
      "metric": "frequency",
      "evidence": {
        "campaign": "women  Summer  Invisib e",
        "frequency": 388.737,
        "ctr": 0.009975896300069198
      }
    },
    {
      "id": "fatigue_women Su mer Invisible",
      "hypothesis": "High frequency + low CTR indicates audience fatigue",
      "campaign": "women Su mer Invisible",
      "metric": "frequency",
      "evidence": {
        "campaign": "women Su mer Invisible",
        "frequency": 449.572,
        "ctr": 0.00788527755287251
      }
    },
    {
      "id": "fatigue_women Summer In-isible",
      "hypothesis": "High frequency + low CTR indicates audience fatigue",
      "campaign": "women Summer In-isible",
      "metric": "frequency",
      "evidence": {
        "campaign": "women Summer In-isible",
        "frequency": 294.9,
        "ctr": 0.009348931841302137
      }
    },
    {
      "id": "fatigue_women Summer Invisble",
      "hypothesis": "High frequency + low CTR indicates audience fatigue",
      "campaign": "women Summer Invisble",
      "metric": "frequency",
      "evidence": {
        "campaign": "women Summer Invisble",
        "frequency": 105.538,
        "ctr": 0.008935170270423924
      }
    },
    {
      "id": "fatigue_women Summer Invisi-le",
      "hypothesis": "High frequency + low CTR indicates audience fatigue",
      "campaign": "women Summer Invisi-le",
      "metric": "frequency",
      "evidence": {
        "campaign": "women Summer Invisi-le",
        "frequency": 478.776,
        "ctr": 0.00893319631727572
      }
    },
    {
      "id": "fatigue_women c-tton classics",
      "hypothesis": "High frequency + low CTR indicates audience fatigue",
      "campaign": "women c-tton classics",
      "metric": "frequency",
      "evidence": {
        "campaign": "women c-tton classics",
        "frequency": 112.581,
        "ctr": 0.008322896403478384
      }
    },
    {
      "id": "fatigue_women cott n classics",
      "hypothesis": "High frequency + low CTR indicates audience fatigue",
      "campaign": "women cott n classics",
      "metric": "frequency",
      "evidence": {
        "campaign": "women cott n classics",
        "frequency": 311.417,
        "ctr": 0.009305850354990253
      }
    },
    {
      "id": "fatigue_women cotton classics",
      "hypothesis": "High frequency + low CTR indicates audience fatigue",
      "campaign": "women cotton classics",
      "metric": "frequency",
      "evidence": {
        "campaign": "women cotton classics",
        "frequency": 166.18489655172414,
        "ctr": 0.009502156786174878
      }
    },
    {
      "id": "fatigue_women fit & li t",
      "hypothesis": "High frequency + low CTR indicates audience fatigue",
      "campaign": "women fit & li t",
      "metric": "frequency",
      "evidence": {
        "campaign": "women fit & li t",
        "frequency": 258.145,
        "ctr": 0.007790195432799396
      }
    },
    {
      "id": "fatigue_women s amless everyday",
      "hypothesis": "High frequency + low CTR indicates audience fatigue",
      "campaign": "women s amless everyday",
      "metric": "frequency",
      "evidence": {
        "campaign": "women s amless everyday",
        "frequency": 12.88695652173913,
        "ctr": 0.009763832658569501
      }
    },
    {
      "id": "fatigue_women s-mmer invisible",
      "hypothesis": "High frequency + low CTR indicates audience fatigue",
      "campaign": "women s-mmer invisible",
      "metric": "frequency",
      "evidence": {
        "campaign": "women s-mmer invisible",
        "frequency": 103.973,
        "ctr": 0.008492589422253855
      }
    },
    {
      "id": "fatigue_women seam-ess everyday",
      "hypothesis": "High frequency + low CTR indicates audience fatigue",
      "campaign": "women seam-ess everyday",
      "metric": "frequency",
      "evidence": {
        "campaign": "women seam-ess everyday",
        "frequency": 257.8,
        "ctr": 0.00917377812257564
      }
    },
    {
      "id": "fatigue_women seamess everyday",
      "hypothesis": "High frequency + low CTR indicates audience fatigue",
      "campaign": "women seamess everyday",
      "metric": "frequency",
      "evidence": {
        "campaign": "women seamess everyday",
        "frequency": 84.675,
        "ctr": 0.007676409802184824
      }
    },
    {
      "id": "fatigue_women seamless everday",
      "hypothesis": "High frequency + low CTR indicates audience fatigue",
      "campaign": "women seamless everday",
      "metric": "frequency",
      "evidence": {
        "campaign": "women seamless everday",
        "frequency": 267.204,
        "ctr": 0.00942725408302271
      }
    },
    {
      "id": "fatigue_women seamless everyday",
      "hypothesis": "High frequency + low CTR indicates audience fatigue",
      "campaign": "women seamless everyday",
      "metric": "frequency",
      "evidence": {
        "campaign": "women seamless everyday",
        "frequency": 152.83861111111113,
        "ctr": 0.007938293661251247
      }
    },
    {
      "id": "fatigue_women seamless-everyday",
      "hypothesis": "High frequency + low CTR indicates audience fatigue",
      "campaign": "women seamless-everyday",
      "metric": "frequency",
      "evidence": {
        "campaign": "women seamless-everyday",
        "frequency": 338.861,
        "ctr": 0.00894467052862383
      }
    },
    {
      "id": "fatigue_women su-mer invisible",
      "hypothesis": "High frequency + low CTR indicates audience fatigue",
      "campaign": "women su-mer invisible",
      "metric": "frequency",
      "evidence": {
        "campaign": "women su-mer invisible",
        "frequency": 287.625,
        "ctr": 0.0057262059973924384
      }
    },
    {
      "id": "fatigue_women summe- invisible",
      "hypothesis": "High frequency + low CTR indicates audience fatigue",
      "campaign": "women summe- invisible",
      "metric": "frequency",
      "evidence": {
        "campaign": "women summe- invisible",
        "frequency": 189.138,
        "ctr": 0.008845393310704353
      }
    },
    {
      "id": "fatigue_women summer in isible",
      "hypothesis": "High frequency + low CTR indicates audience fatigue",
      "campaign": "women summer in isible",
      "metric": "frequency",
      "evidence": {
        "campaign": "women summer in isible",
        "frequency": 127.198,
        "ctr": 0.00944983411688863
      }
    },
    {
      "id": "fatigue_women | studio spo ts",
      "hypothesis": "High frequency + low CTR indicates audience fatigue",
      "campaign": "women | studio spo ts",
      "metric": "frequency",
      "evidence": {
        "campaign": "women | studio spo ts",
        "frequency": 190.126,
        "ctr": 0.00615381378664675
      }
    },
    {
      "id": "fatigue_women_Summe _Invisible",
      "hypothesis": "High frequency + low CTR indicates audience fatigue",
      "campaign": "women_Summe _Invisible",
      "metric": "frequency",
      "evidence": {
        "campaign": "women_Summe _Invisible",
        "frequency": 411.098,
        "ctr": 0.007674569080851768
      }
    },
    {
      "id": "fatigue_women_Summer_Inisible",
      "hypothesis": "High frequency + low CTR indicates audience fatigue",
      "campaign": "women_Summer_Inisible",
      "metric": "frequency",
      "evidence": {
        "campaign": "women_Summer_Inisible",
        "frequency": 32.574,
        "ctr": 0.00954749186467735
      }
    },
    {
      "id": "fatigue_women_Summer_Invisi-le",
      "hypothesis": "High frequency + low CTR indicates audience fatigue",
      "campaign": "women_Summer_Invisi-le",
      "metric": "frequency",
      "evidence": {
        "campaign": "women_Summer_Invisi-le",
        "frequency": 40.462,
        "ctr": 0.00862537689684148
      }
    },
    {
      "id": "fatigue_womn cotton classics",
      "hypothesis": "High frequency + low CTR indicates audience fatigue",
      "campaign": "womn cotton classics",
      "metric": "frequency",
      "evidence": {
        "campaign": "womn cotton classics",
        "frequency": 237.466,
        "ctr": 0.007900078327002602
      }
    }
  ],
  "validated": [
    {
      "id": "roas_spend_negative",
      "hypothesis": "Increasing spend correlates with decreasing ROAS",
      "campaign": null,
      "confidence": 0.75,
      "valid": true,
      "raw_evidence": {
        "correlation": -0.46883385950206574
      }
    },
    {
      "id": "fatigue_ OMEN COTTON CLASSICS",
      "hypothesis": "High frequency + low CTR indicates audience fatigue",
      "campaign": " OMEN COTTON CLASSICS",
      "confidence": 0.8,
      "valid": true,
      "raw_evidence": {
        "campaign": " OMEN COTTON CLASSICS",
        "frequency": 22.171,
        "ctr": 0.0075774660592666096
      }
    },
    {
      "id": "fatigue_-omen-Studio Sports",
      "hypothesis": "High frequency + low CTR indicates audience fatigue",
      "campaign": "-omen-Studio Sports",
      "confidence": 0.8,
      "valid": true,
      "raw_evidence": {
        "campaign": "-omen-Studio Sports",
        "frequency": 282.75,
        "ctr": 0.009563218390804597
      }
    },
    {
      "id": "fatigue_M-n Bold Colors Drop",
      "hypothesis": "High frequency + low CTR indicates audience fatigue",
      "campaign": "M-n Bold Colors Drop",
      "confidence": 0.8,
      "valid": true,
      "raw_evidence": {
        "campaign": "M-n Bold Colors Drop",
        "frequency": 303.822,
        "ctr": 0.007626175852966539
      }
    },
    {
      "id": "fatigue_MEN  Signture  Soft",
      "hypothesis": "High frequency + low CTR indicates audience fatigue",
      "campaign": "MEN  Signture  Soft",
      "confidence": 0.8,
      "valid": true,
      "raw_evidence": {
        "campaign": "MEN  Signture  Soft",
        "frequency": 285.644,
        "ctr": 0.005513856408676535
      }
    },
    {
      "id": "fatigue_MEN B LD COLORS DROP",
      "hypothesis": "High frequency + low CTR indicates audience fatigue",
      "campaign": "MEN B LD COLORS DROP",
      "confidence": 0.8,
      "valid": true,
      "raw_evidence": {
        "campaign": "MEN B LD COLORS DROP",
        "frequency": 42.524,
        "ctr": 0.008959646317373718
      }
    },
    {
      "id": "fatigue_MEN BOL COLORS DROP",
      "hypothesis": "High frequency + low CTR indicates audience fatigue",
      "campaign": "MEN BOL COLORS DROP",
      "confidence": 0.8,
      "valid": true,
      "raw_evidence": {
        "campaign": "MEN BOL COLORS DROP",
        "frequency": 122.505,
        "ctr": 0.004522264397371536
      }
    },
    {
      "id": "fatigue_MEN BOLD  OLORS DROP",
      "hypothesis": "High frequency + low CTR indicates audience fatigue",
      "campaign": "MEN BOLD  OLORS DROP",
      "confidence": 0.8,
      "valid": true,
      "raw_evidence": {
        "campaign": "MEN BOLD  OLORS DROP",
        "frequency": 223.404,
        "ctr": 0.006118959374048809
      }
    },
    {
      "id": "fatigue_MEN BOLD COL RS DROP",
      "hypothesis": "High frequency + low CTR indicates audience fatigue",
      "campaign": "MEN BOLD COL RS DROP",
      "confidence": 0.8,
      "valid": true,
      "raw_evidence": {
        "campaign": "MEN BOLD COL RS DROP",
        "frequency": 166.452,
        "ctr": 0.005382933217984764
      }
    },
    {
      "id": "fatigue_MEN BOLD COLORS DROP",
      "hypothesis": "High frequency + low CTR indicates audience fatigue",
      "campaign": "MEN BOLD COLORS DROP",
      "confidence": 0.8,
      "valid": true,
      "raw_evidence": {
        "campaign": "MEN BOLD COLORS DROP",
        "frequency": 186.55040229885057,
        "ctr": 0.00882704960632808
      }
    },
    {
      "id": "fatigue_MEN COMFORTMA LAUNCH",
      "hypothesis": "High frequency + low CTR indicates audience fatigue",
      "campaign": "MEN COMFORTMA LAUNCH",
      "confidence": 0.8,
      "valid": true,
      "raw_evidence": {
        "campaign": "MEN COMFORTMA LAUNCH",
        "frequency": 43.599,
        "ctr": 0.009541503245487281
      }
    },
    {
      "id": "fatigue_MEN PREMIUM MOD-L",
      "hypothesis": "High frequency + low CTR indicates audience fatigue",
      "campaign": "MEN PREMIUM MOD-L",
      "confidence": 0.8,
      "valid": true,
      "raw_evidence": {
        "campaign": "MEN PREMIUM MOD-L",
        "frequency": 67.126,
        "ctr": 0.005705687810982332
      }
    },
    {
      "id": "fatigue_MEN Sinature Soft",
      "hypothesis": "High frequency + low CTR indicates audience fatigue",
      "campaign": "MEN Sinature Soft",
      "confidence": 0.8,
      "valid": true,
      "raw_evidence": {
        "campaign": "MEN Sinature Soft",
        "frequency": 321.405,
        "ctr": 0.009806941397924736
      }
    },
    {
      "id": "fatigue_Me   Premium  Modal",
      "hypothesis": "High frequency + low CTR indicates audience fatigue",
      "campaign": "Me   Premium  Modal",
      "confidence": 0.8,
      "valid": true,
      "raw_evidence": {
        "campaign": "Me   Premium  Modal",
        "frequency": 403.636,
        "ctr": 0.006079735206968655
      }
    },
    {
      "id": "fatigue_Men  Bold  Colors  Drop",
      "hypothesis": "High frequency + low CTR indicates audience fatigue",
      "campaign": "Men  Bold  Colors  Drop",
      "confidence": 0.8,
      "valid": true,
      "raw_evidence": {
        "campaign": "Men  Bold  Colors  Drop",
        "frequency": 162.98867777777778,
        "ctr": 0.009500796272079158
      }
    },
    {
      "id": "fatigue_Men  Bold  Coors  Drop",
      "hypothesis": "High frequency + low CTR indicates audience fatigue",
      "campaign": "Men  Bold  Coors  Drop",
      "confidence": 0.8,
      "valid": true,
      "raw_evidence": {
        "campaign": "Men  Bold  Coors  Drop",
        "frequency": 21.626,
        "ctr": 0.007167298622029039
      }
    },
    {
      "id": "fatigue_Men -old Colors Drop",
      "hypothesis": "High frequency + low CTR indicates audience fatigue",
      "campaign": "Men -old Colors Drop",
      "confidence": 0.8,
      "valid": true,
      "raw_evidence": {
        "campaign": "Men -old Colors Drop",
        "frequency": 290.072,
        "ctr": 0.008339308861248241
      }
    },
    {
      "id": "fatigue_Men -|  Athleisure  Cooling",
      "hypothesis": "High frequency + low CTR indicates audience fatigue",
      "campaign": "Men -|  Athleisure  Cooling",
      "confidence": 0.8,
      "valid": true,
      "raw_evidence": {
        "campaign": "Men -|  Athleisure  Cooling",
        "frequency": 120.672,
        "ctr": 0.0
      }
    },
    {
      "id": "fatigue_Men B-ld Colors Drop",
      "hypothesis": "High frequency + low CTR indicates audience fatigue",
      "campaign": "Men B-ld Colors Drop",
      "confidence": 0.8,
      "valid": true,
      "raw_evidence": {
        "campaign": "Men B-ld Colors Drop",
        "frequency": 137.218,
        "ctr": 0.006624495328601204
      }
    },
    {
      "id": "fatigue_Men Bol Colors Drop",
      "hypothesis": "High frequency + low CTR indicates audience fatigue",
      "campaign": "Men Bol Colors Drop",
      "confidence": 0.8,
      "valid": true,
      "raw_evidence": {
        "campaign": "Men Bol Colors Drop",
        "frequency": 294.602,
        "ctr": 0.009592602901541741
      }
    },
    {
      "id": "fatigue_Men Bold -olors Drop",
      "hypothesis": "High frequency + low CTR indicates audience fatigue",
      "campaign": "Men Bold -olors Drop",
      "confidence": 0.8,
      "valid": true,
      "raw_evidence": {
        "campaign": "Men Bold -olors Drop",
        "frequency": 208.052,
        "ctr": 0.00927172053140561
      }
    },
    {
      "id": "fatigue_Men Bold Col-rs Drop",
      "hypothesis": "High frequency + low CTR indicates audience fatigue",
      "campaign": "Men Bold Col-rs Drop",
      "confidence": 0.8,
      "valid": true,
      "raw_evidence": {
        "campaign": "Men Bold Col-rs Drop",
        "frequency": 367.632,
        "ctr": 0.008391543717630675
      }
    },
    {
      "id": "fatigue_Men Bold Colors Dr p",
      "hypothesis": "High frequency + low CTR indicates audience fatigue",
      "campaign": "Men Bold Colors Dr p",
      "confidence": 0.8,
      "valid": true,
      "raw_evidence": {
        "campaign": "Men Bold Colors Dr p",
        "frequency": 30.932,
        "ctr": 0.008890469416785207
      }
    },
    {
      "id": "fatigue_Men Bold Colors Drop",
      "hypothesis": "High frequency + low CTR indicates audience fatigue",
      "campaign": "Men Bold Colors Drop",
      "confidence": 0.8,
      "valid": true,
      "raw_evidence": {
        "campaign": "Men Bold Colors Drop",
        "frequency": 590.5383888888889,
        "ctr": 0.008280805152285235
      }
    },
    {
      "id": "fatigue_Men BoldColors Drop",
      "hypothesis": "High frequency + low CTR indicates audience fatigue",
      "campaign": "Men BoldColors Drop",
      "confidence": 0.8,
      "valid": true,
      "raw_evidence": {
        "campaign": "Men BoldColors Drop",
        "frequency": 173.827,
        "ctr": 0.006098016993907736
      }
    },
    {
      "id": "fatigue_Men Pr-mium Modal",
      "hypothesis": "High frequency + low CTR indicates audience fatigue",
      "campaign": "Men Pr-mium Modal",
      "confidence": 0.8,
      "valid": true,
      "raw_evidence": {
        "campaign": "Men Pr-mium Modal",
        "frequency": 510.469,
        "ctr": 0.0
      }
    },
    {
      "id": "fatigue_Men Prem um Modal",
      "hypothesis": "High frequency + low CTR indicates audience fatigue",
      "campaign": "Men Prem um Modal",
      "confidence": 0.8,
      "valid": true,
      "raw_evidence": {
        "campaign": "Men Prem um Modal",
        "frequency": 37.208,
        "ctr": 0.0077402709094818315
      }
    },
    {
      "id": "fatigue_Men Premiu- Modal",
      "hypothesis": "High frequency + low CTR indicates audience fatigue",
      "campaign": "Men Premiu- Modal",
      "confidence": 0.8,
      "valid": true,
      "raw_evidence": {
        "campaign": "Men Premiu- Modal",
        "frequency": 222.084,
        "ctr": 0.0
      }
    },
    {
      "id": "fatigue_Men Premium -odal",
      "hypothesis": "High frequency + low CTR indicates audience fatigue",
      "campaign": "Men Premium -odal",
      "confidence": 0.8,
      "valid": true,
      "raw_evidence": {
        "campaign": "Men Premium -odal",
        "frequency": 118.261,
        "ctr": 0.00655330159562324
      }
    },
    {
      "id": "fatigue_Men Premium M-dal",
      "hypothesis": "High frequency + low CTR indicates audience fatigue",
      "campaign": "Men Premium M-dal",
      "confidence": 0.8,
      "valid": true,
      "raw_evidence": {
        "campaign": "Men Premium M-dal",
        "frequency": 336.441,
        "ctr": 0.00979369339646476
      }
    },
    {
      "id": "fatigue_Men remium Modal",
      "hypothesis": "High frequency + low CTR indicates audience fatigue",
      "campaign": "Men remium Modal",
      "confidence": 0.8,
      "valid": true,
      "raw_evidence": {
        "campaign": "Men remium Modal",
        "frequency": 367.13,
        "ctr": 0.008443875466456023
      }
    },
    {
      "id": "fatigue_Men- Premium  Modal",
      "hypothesis": "High frequency + low CTR indicates audience fatigue",
      "campaign": "Men- Premium  Modal",
      "confidence": 0.8,
      "valid": true,
      "raw_evidence": {
        "campaign": "Men- Premium  Modal",
        "frequency": 301.636,
        "ctr": 0.008135633677677731
      }
    },
    {
      "id": "fatigue_Men-Premium Modal",
      "hypothesis": "High frequency + low CTR indicates audience fatigue",
      "campaign": "Men-Premium Modal",
      "confidence": 0.8,
      "valid": true,
      "raw_evidence": {
        "campaign": "Men-Premium Modal",
        "frequency": 285.548,
        "ctr": 0.009854735456035412
      }
    },
    {
      "id": "fatigue_Men_Bold_Colors_Drop",
      "hypothesis": "High frequency + low CTR indicates audience fatigue",
      "campaign": "Men_Bold_Colors_Drop",
      "confidence": 0.8,
      "valid": true,
      "raw_evidence": {
        "campaign": "Men_Bold_Colors_Drop",
        "frequency": 147.8343882352941,
        "ctr": 0.009326652725788627
      }
    },
    {
      "id": "fatigue_Men_Premium_Modal",
      "hypothesis": "High frequency + low CTR indicates audience fatigue",
      "campaign": "Men_Premium_Modal",
      "confidence": 0.8,
      "valid": true,
      "raw_evidence": {
        "campaign": "Men_Premium_Modal",
        "frequency": 148.20606896551723,
        "ctr": 0.009734737156900519
      }
    },
    {
      "id": "fatigue_W MEN Cotton Classics",
      "hypothesis": "High frequency + low CTR indicates audience fatigue",
      "campaign": "W MEN Cotton Classics",
      "confidence": 0.8,
      "valid": true,
      "raw_evidence": {
        "campaign": "W MEN Cotton Classics",
        "frequency": 516.847,
        "ctr": 0.008845944737997899
      }
    },
    {
      "id": "fatigue_W men Summer Invisible",
      "hypothesis": "High frequency + low CTR indicates audience fatigue",
      "campaign": "W men Summer Invisible",
      "confidence": 0.8,
      "valid": true,
      "raw_evidence": {
        "campaign": "W men Summer Invisible",
        "frequency": 271.27,
        "ctr": 0.008323810225974122
      }
    },
    {
      "id": "fatigue_WMEN Seamless Everyday",
      "hypothesis": "High frequency + low CTR indicates audience fatigue",
      "campaign": "WMEN Seamless Everyday",
      "confidence": 0.8,
      "valid": true,
      "raw_evidence": {
        "campaign": "WMEN Seamless Everyday",
        "frequency": 222.142,
        "ctr": 0.009822545939084009
      }
    },
    {
      "id": "fatigue_WOEN  Cotton  Classics",
      "hypothesis": "High frequency + low CTR indicates audience fatigue",
      "campaign": "WOEN  Cotton  Classics",
      "confidence": 0.8,
      "valid": true,
      "raw_evidence": {
        "campaign": "WOEN  Cotton  Classics",
        "frequency": 225.783,
        "ctr": 0.005438850577767148
      }
    },
    {
      "id": "fatigue_WOEN FIT & LIFT",
      "hypothesis": "High frequency + low CTR indicates audience fatigue",
      "campaign": "WOEN FIT & LIFT",
      "confidence": 0.8,
      "valid": true,
      "raw_evidence": {
        "campaign": "WOEN FIT & LIFT",
        "frequency": 282.108,
        "ctr": 0.006851985764317212
      }
    },
    {
      "id": "fatigue_WOMEN  -eamless  Everyday",
      "hypothesis": "High frequency + low CTR indicates audience fatigue",
      "campaign": "WOMEN  -eamless  Everyday",
      "confidence": 0.8,
      "valid": true,
      "raw_evidence": {
        "campaign": "WOMEN  -eamless  Everyday",
        "frequency": 88.153,
        "ctr": 0.00972173380372761
      }
    },
    {
      "id": "fatigue_WOMEN  Cotton  Classics",
      "hypothesis": "High frequency + low CTR indicates audience fatigue",
      "campaign": "WOMEN  Cotton  Classics",
      "confidence": 0.8,
      "valid": true,
      "raw_evidence": {
        "campaign": "WOMEN  Cotton  Classics",
        "frequency": 140.6411011235955,
        "ctr": 0.009730880850755824
      }
    },
    {
      "id": "fatigue_WOMEN  Seamles   Everyday",
      "hypothesis": "High frequency + low CTR indicates audience fatigue",
      "campaign": "WOMEN  Seamles   Everyday",
      "confidence": 0.8,
      "valid": true,
      "raw_evidence": {
        "campaign": "WOMEN  Seamles   Everyday",
        "frequency": 109.081,
        "ctr": 0.009103326885525436
      }
    },
    {
      "id": "fatigue_WOMEN  Seamless  Everyday",
      "hypothesis": "High frequency + low CTR indicates audience fatigue",
      "campaign": "WOMEN  Seamless  Everyday",
      "confidence": 0.8,
      "valid": true,
      "raw_evidence": {
        "campaign": "WOMEN  Seamless  Everyday",
        "frequency": 168.41121348314607,
        "ctr": 0.0072809344809968216
      }
    },
    {
      "id": "fatigue_WOMEN COTTON CLASSIS",
      "hypothesis": "High frequency + low CTR indicates audience fatigue",
      "campaign": "WOMEN COTTON CLASSIS",
      "confidence": 0.8,
      "valid": true,
      "raw_evidence": {
        "campaign": "WOMEN COTTON CLASSIS",
        "frequency": 346.839,
        "ctr": 0.009612529156179092
      }
    },
    {
      "id": "fatigue_WOMEN Cot-on Classics",
      "hypothesis": "High frequency + low CTR indicates audience fatigue",
      "campaign": "WOMEN Cot-on Classics",
      "confidence": 0.8,
      "valid": true,
      "raw_evidence": {
        "campaign": "WOMEN Cot-on Classics",
        "frequency": 452.982,
        "ctr": 0.0095169344477264
      }
    },
    {
      "id": "fatigue_WOMEN SEAM ESS EVERYDAY",
      "hypothesis": "High frequency + low CTR indicates audience fatigue",
      "campaign": "WOMEN SEAM ESS EVERYDAY",
      "confidence": 0.8,
      "valid": true,
      "raw_evidence": {
        "campaign": "WOMEN SEAM ESS EVERYDAY",
        "frequency": 381.636,
        "ctr": 0.009220828223752477
      }
    },
    {
      "id": "fatigue_WOMEN SEAMLESS EV RYDAY",
      "hypothesis": "High frequency + low CTR indicates audience fatigue",
      "campaign": "WOMEN SEAMLESS EV RYDAY",
      "confidence": 0.8,
      "valid": true,
      "raw_evidence": {
        "campaign": "WOMEN SEAMLESS EV RYDAY",
        "frequency": 231.358,
        "ctr": 0.007875240968542259
      }
    },
    {
      "id": "fatigue_WOMEN SEAMLESS EVE YDAY",
      "hypothesis": "High frequency + low CTR indicates audience fatigue",
      "campaign": "WOMEN SEAMLESS EVE YDAY",
      "confidence": 0.8,
      "valid": true,
      "raw_evidence": {
        "campaign": "WOMEN SEAMLESS EVE YDAY",
        "frequency": 76.426,
        "ctr": 0.007510533064663858
      }
    },
    {
      "id": "fatigue_WOMEN SEAMLESS EVERYDAY",
      "hypothesis": "High frequency + low CTR indicates audience fatigue",
      "campaign": "WOMEN SEAMLESS EVERYDAY",
      "confidence": 0.8,
      "valid": true,
      "raw_evidence": {
        "campaign": "WOMEN SEAMLESS EVERYDAY",
        "frequency": 159.5497,
        "ctr": 0.007860943086142507
      }
    },
    {
      "id": "fatigue_WOMEN Seamless Eeryday",
      "hypothesis": "High frequency + low CTR indicates audience fatigue",
      "campaign": "WOMEN Seamless Eeryday",
      "confidence": 0.8,
      "valid": true,
      "raw_evidence": {
        "campaign": "WOMEN Seamless Eeryday",
        "frequency": 377.449,
        "ctr": 0.009598647764333725
      }
    },
    {
      "id": "fatigue_WOMEN Seamless Everyday",
      "hypothesis": "High frequency + low CTR indicates audience fatigue",
      "campaign": "WOMEN Seamless Everyday",
      "confidence": 0.8,
      "valid": true,
      "raw_evidence": {
        "campaign": "WOMEN Seamless Everyday",
        "frequency": 492.9702808988764,
        "ctr": 0.00855688932635021
      }
    },
    {
      "id": "fatigue_WOMEN Seamless Everydy",
      "hypothesis": "High frequency + low CTR indicates audience fatigue",
      "campaign": "WOMEN Seamless Everydy",
      "confidence": 0.8,
      "valid": true,
      "raw_evidence": {
        "campaign": "WOMEN Seamless Everydy",
        "frequency": 463.408,
        "ctr": 0.005261022684114215
      }
    },
    {
      "id": "fatigue_WOMEN Semless Everyday",
      "hypothesis": "High frequency + low CTR indicates audience fatigue",
      "campaign": "WOMEN Semless Everyday",
      "confidence": 0.8,
      "valid": true,
      "raw_evidence": {
        "campaign": "WOMEN Semless Everyday",
        "frequency": 97.354,
        "ctr": 0.0
      }
    },
    {
      "id": "fatigue_WOMEN eamless Everyday",
      "hypothesis": "High frequency + low CTR indicates audience fatigue",
      "campaign": "WOMEN eamless Everyday",
      "confidence": 0.8,
      "valid": true,
      "raw_evidence": {
        "campaign": "WOMEN eamless Everyday",
        "frequency": 40.709,
        "ctr": 0.008646736593873591
      }
    },
    {
      "id": "fatigue_WOMEN | SUDIO SPORTS",
      "hypothesis": "High frequency + low CTR indicates audience fatigue",
      "campaign": "WOMEN | SUDIO SPORTS",
      "confidence": 0.8,
      "valid": true,
      "raw_evidence": {
        "campaign": "WOMEN | SUDIO SPORTS",
        "frequency": 207.501,
        "ctr": 0.009252967455578527
      }
    },
    {
      "id": "fatigue_WOMENSeamless Everyday",
      "hypothesis": "High frequency + low CTR indicates audience fatigue",
      "campaign": "WOMENSeamless Everyday",
      "confidence": 0.8,
      "valid": true,
      "raw_evidence": {
        "campaign": "WOMENSeamless Everyday",
        "frequency": 174.848,
        "ctr": 0.009093612737920937
      }
    },
    {
      "id": "fatigue_WOMEN_Cot-on_Classics",
      "hypothesis": "High frequency + low CTR indicates audience fatigue",
      "campaign": "WOMEN_Cot-on_Classics",
      "confidence": 0.8,
      "valid": true,
      "raw_evidence": {
        "campaign": "WOMEN_Cot-on_Classics",
        "frequency": 512.834,
        "ctr": 0.0
      }
    },
    {
      "id": "fatigue_WOMEN_Seamless_Ever-day",
      "hypothesis": "High frequency + low CTR indicates audience fatigue",
      "campaign": "WOMEN_Seamless_Ever-day",
      "confidence": 0.8,
      "valid": true,
      "raw_evidence": {
        "campaign": "WOMEN_Seamless_Ever-day",
        "frequency": 142.145,
        "ctr": 0.008118470575820465
      }
    },
    {
      "id": "fatigue_WOMEN_Seamless_Everyday",
      "hypothesis": "High frequency + low CTR indicates audience fatigue",
      "campaign": "WOMEN_Seamless_Everyday",
      "confidence": 0.8,
      "valid": true,
      "raw_evidence": {
        "campaign": "WOMEN_Seamless_Everyday",
        "frequency": 142.8267840909091,
        "ctr": 0.007909135326587984
      }
    },
    {
      "id": "fatigue_WOMN_Cotton_Classics",
      "hypothesis": "High frequency + low CTR indicates audience fatigue",
      "campaign": "WOMN_Cotton_Classics",
      "confidence": 0.8,
      "valid": true,
      "raw_evidence": {
        "campaign": "WOMN_Cotton_Classics",
        "frequency": 243.469,
        "ctr": 0.0060048712567103
      }
    },
    {
      "id": "fatigue_Wmen | Studio Sports",
      "hypothesis": "High frequency + low CTR indicates audience fatigue",
      "campaign": "Wmen | Studio Sports",
      "confidence": 0.8,
      "valid": true,
      "raw_evidence": {
        "campaign": "Wmen | Studio Sports",
        "frequency": 182.623,
        "ctr": 0.0062149893496438015
      }
    },
    {
      "id": "fatigue_Wom-n Fit & Lift",
      "hypothesis": "High frequency + low CTR indicates audience fatigue",
      "campaign": "Wom-n Fit & Lift",
      "confidence": 0.8,
      "valid": true,
      "raw_evidence": {
        "campaign": "Wom-n Fit & Lift",
        "frequency": 74.945,
        "ctr": 0.0
      }
    },
    {
      "id": "fatigue_Women C-tton Classics",
      "hypothesis": "High frequency + low CTR indicates audience fatigue",
      "campaign": "Women C-tton Classics",
      "confidence": 0.8,
      "valid": true,
      "raw_evidence": {
        "campaign": "Women C-tton Classics",
        "frequency": 52.394,
        "ctr": 0.007958926594648242
      }
    },
    {
      "id": "fatigue_Women Cottn Classics",
      "hypothesis": "High frequency + low CTR indicates audience fatigue",
      "campaign": "Women Cottn Classics",
      "confidence": 0.8,
      "valid": true,
      "raw_evidence": {
        "campaign": "Women Cottn Classics",
        "frequency": 217.209,
        "ctr": 0.008360611208559498
      }
    },
    {
      "id": "fatigue_Women Cotton lassics",
      "hypothesis": "High frequency + low CTR indicates audience fatigue",
      "campaign": "Women Cotton lassics",
      "confidence": 0.8,
      "valid": true,
      "raw_evidence": {
        "campaign": "Women Cotton lassics",
        "frequency": 474.673,
        "ctr": 0.008294130906961213
      }
    },
    {
      "id": "fatigue_Women Fit  Lift",
      "hypothesis": "High frequency + low CTR indicates audience fatigue",
      "campaign": "Women Fit  Lift",
      "confidence": 0.8,
      "valid": true,
      "raw_evidence": {
        "campaign": "Women Fit  Lift",
        "frequency": 270.275,
        "ctr": 0.008321154379798353
      }
    },
    {
      "id": "fatigue_Women Seamless Eve yday",
      "hypothesis": "High frequency + low CTR indicates audience fatigue",
      "campaign": "Women Seamless Eve yday",
      "confidence": 0.8,
      "valid": true,
      "raw_evidence": {
        "campaign": "Women Seamless Eve yday",
        "frequency": 176.157,
        "ctr": 0.0
      }
    },
    {
      "id": "fatigue_Women Seamless Everyday",
      "hypothesis": "High frequency + low CTR indicates audience fatigue",
      "campaign": "Women Seamless Everyday",
      "confidence": 0.8,
      "valid": true,
      "raw_evidence": {
        "campaign": "Women Seamless Everyday",
        "frequency": 157.78906896551726,
        "ctr": 0.007431498284957606
      }
    },
    {
      "id": "fatigue_Women Summer In-isible",
      "hypothesis": "High frequency + low CTR indicates audience fatigue",
      "campaign": "Women Summer In-isible",
      "confidence": 0.8,
      "valid": true,
      "raw_evidence": {
        "campaign": "Women Summer In-isible",
        "frequency": 59.91,
        "ctr": 0.009697880153563678
      }
    },
    {
      "id": "fatigue_Women | Stu io Sports",
      "hypothesis": "High frequency + low CTR indicates audience fatigue",
      "campaign": "Women | Stu io Sports",
      "confidence": 0.8,
      "valid": true,
      "raw_evidence": {
        "campaign": "Women | Stu io Sports",
        "frequency": 487.391,
        "ctr": 0.009292334080850898
      }
    },
    {
      "id": "fatigue_Women | Studio Sp rts",
      "hypothesis": "High frequency + low CTR indicates audience fatigue",
      "campaign": "Women | Studio Sp rts",
      "confidence": 0.8,
      "valid": true,
      "raw_evidence": {
        "campaign": "Women | Studio Sp rts",
        "frequency": 96.14,
        "ctr": 0.009798210942375702
      }
    },
    {
      "id": "fatigue_Women | Studio Spo-ts",
      "hypothesis": "High frequency + low CTR indicates audience fatigue",
      "campaign": "Women | Studio Spo-ts",
      "confidence": 0.8,
      "valid": true,
      "raw_evidence": {
        "campaign": "Women | Studio Spo-ts",
        "frequency": 220.998,
        "ctr": 0.009461624087095812
      }
    },
    {
      "id": "fatigue_Women-Studio -ports",
      "hypothesis": "High frequency + low CTR indicates audience fatigue",
      "campaign": "Women-Studio -ports",
      "confidence": 0.8,
      "valid": true,
      "raw_evidence": {
        "campaign": "Women-Studio -ports",
        "frequency": 298.747,
        "ctr": 0.00900762183385942
      }
    },
    {
      "id": "fatigue_Women-Studio S orts",
      "hypothesis": "High frequency + low CTR indicates audience fatigue",
      "campaign": "Women-Studio S orts",
      "confidence": 0.8,
      "valid": true,
      "raw_evidence": {
        "campaign": "Women-Studio S orts",
        "frequency": 270.653,
        "ctr": 0.006554518146852243
      }
    },
    {
      "id": "fatigue_Women-Studio Spo-ts",
      "hypothesis": "High frequency + low CTR indicates audience fatigue",
      "campaign": "Women-Studio Spo-ts",
      "confidence": 0.8,
      "valid": true,
      "raw_evidence": {
        "campaign": "Women-Studio Spo-ts",
        "frequency": 268.566,
        "ctr": 0.0
      }
    },
    {
      "id": "fatigue_Women-Studio-Sports",
      "hypothesis": "High frequency + low CTR indicates audience fatigue",
      "campaign": "Women-Studio-Sports",
      "confidence": 0.8,
      "valid": true,
      "raw_evidence": {
        "campaign": "Women-Studio-Sports",
        "frequency": 144.211,
        "ctr": 0.00887588325439807
      }
    },
    {
      "id": "fatigue_WomenCotton Classics",
      "hypothesis": "High frequency + low CTR indicates audience fatigue",
      "campaign": "WomenCotton Classics",
      "confidence": 0.8,
      "valid": true,
      "raw_evidence": {
        "campaign": "WomenCotton Classics",
        "frequency": 83.855,
        "ctr": 0.009492576471289727
      }
    },
    {
      "id": "fatigue_Women_|-Studio_Sports",
      "hypothesis": "High frequency + low CTR indicates audience fatigue",
      "campaign": "Women_|-Studio_Sports",
      "confidence": 0.8,
      "valid": true,
      "raw_evidence": {
        "campaign": "Women_|-Studio_Sports",
        "frequency": 155.276,
        "ctr": 0.009673098225095959
      }
    },
    {
      "id": "fatigue_me bold colors drop",
      "hypothesis": "High frequency + low CTR indicates audience fatigue",
      "campaign": "me bold colors drop",
      "confidence": 0.8,
      "valid": true,
      "raw_evidence": {
        "campaign": "me bold colors drop",
        "frequency": 405.401,
        "ctr": 0.009151432778902863
      }
    },
    {
      "id": "fatigue_men bld colors drop",
      "hypothesis": "High frequency + low CTR indicates audience fatigue",
      "campaign": "men bld colors drop",
      "confidence": 0.8,
      "valid": true,
      "raw_evidence": {
        "campaign": "men bld colors drop",
        "frequency": 150.277,
        "ctr": 0.008683963613859738
      }
    },
    {
      "id": "fatigue_men bold colors drop",
      "hypothesis": "High frequency + low CTR indicates audience fatigue",
      "campaign": "men bold colors drop",
      "confidence": 0.8,
      "valid": true,
      "raw_evidence": {
        "campaign": "men bold colors drop",
        "frequency": 174.1798222222222,
        "ctr": 0.009700957835146615
      }
    },
    {
      "id": "fatigue_w men cotton classics",
      "hypothesis": "High frequency + low CTR indicates audience fatigue",
      "campaign": "w men cotton classics",
      "confidence": 0.8,
      "valid": true,
      "raw_evidence": {
        "campaign": "w men cotton classics",
        "frequency": 48.688,
        "ctr": 0.008770128162997043
      }
    },
    {
      "id": "fatigue_w-men cotton classics",
      "hypothesis": "High frequency + low CTR indicates audience fatigue",
      "campaign": "w-men cotton classics",
      "confidence": 0.8,
      "valid": true,
      "raw_evidence": {
        "campaign": "w-men cotton classics",
        "frequency": 494.553,
        "ctr": 0.009384231821463019
      }
    },
    {
      "id": "fatigue_wo-en seamless everyday",
      "hypothesis": "High frequency + low CTR indicates audience fatigue",
      "campaign": "wo-en seamless everyday",
      "confidence": 0.8,
      "valid": true,
      "raw_evidence": {
        "campaign": "wo-en seamless everyday",
        "frequency": 352.047,
        "ctr": 0.00965212031348087
      }
    },
    {
      "id": "fatigue_women  Summ r  Invisible",
      "hypothesis": "High frequency + low CTR indicates audience fatigue",
      "campaign": "women  Summ r  Invisible",
      "confidence": 0.8,
      "valid": true,
      "raw_evidence": {
        "campaign": "women  Summ r  Invisible",
        "frequency": 176.18,
        "ctr": 0.008621864002724485
      }
    },
    {
      "id": "fatigue_women  Summer  Invi ible",
      "hypothesis": "High frequency + low CTR indicates audience fatigue",
      "campaign": "women  Summer  Invi ible",
      "confidence": 0.8,
      "valid": true,
      "raw_evidence": {
        "campaign": "women  Summer  Invi ible",
        "frequency": 352.33,
        "ctr": 0.009394601651860473
      }
    },
    {
      "id": "fatigue_women  Summer  Invisib e",
      "hypothesis": "High frequency + low CTR indicates audience fatigue",
      "campaign": "women  Summer  Invisib e",
      "confidence": 0.8,
      "valid": true,
      "raw_evidence": {
        "campaign": "women  Summer  Invisib e",
        "frequency": 388.737,
        "ctr": 0.009975896300069198
      }
    },
    {
      "id": "fatigue_women Su mer Invisible",
      "hypothesis": "High frequency + low CTR indicates audience fatigue",
      "campaign": "women Su mer Invisible",
      "confidence": 0.8,
      "valid": true,
      "raw_evidence": {
        "campaign": "women Su mer Invisible",
        "frequency": 449.572,
        "ctr": 0.00788527755287251
      }
    },
    {
      "id": "fatigue_women Summer In-isible",
      "hypothesis": "High frequency + low CTR indicates audience fatigue",
      "campaign": "women Summer In-isible",
      "confidence": 0.8,
      "valid": true,
      "raw_evidence": {
        "campaign": "women Summer In-isible",
        "frequency": 294.9,
        "ctr": 0.009348931841302137
      }
    },
    {
      "id": "fatigue_women Summer Invisble",
      "hypothesis": "High frequency + low CTR indicates audience fatigue",
      "campaign": "women Summer Invisble",
      "confidence": 0.8,
      "valid": true,
      "raw_evidence": {
        "campaign": "women Summer Invisble",
        "frequency": 105.538,
        "ctr": 0.008935170270423924
      }
    },
    {
      "id": "fatigue_women Summer Invisi-le",
      "hypothesis": "High frequency + low CTR indicates audience fatigue",
      "campaign": "women Summer Invisi-le",
      "confidence": 0.8,
      "valid": true,
      "raw_evidence": {
        "campaign": "women Summer Invisi-le",
        "frequency": 478.776,
        "ctr": 0.00893319631727572
      }
    },
    {
      "id": "fatigue_women c-tton classics",
      "hypothesis": "High frequency + low CTR indicates audience fatigue",
      "campaign": "women c-tton classics",
      "confidence": 0.8,
      "valid": true,
      "raw_evidence": {
        "campaign": "women c-tton classics",
        "frequency": 112.581,
        "ctr": 0.008322896403478384
      }
    },
    {
      "id": "fatigue_women cott n classics",
      "hypothesis": "High frequency + low CTR indicates audience fatigue",
      "campaign": "women cott n classics",
      "confidence": 0.8,
      "valid": true,
      "raw_evidence": {
        "campaign": "women cott n classics",
        "frequency": 311.417,
        "ctr": 0.009305850354990253
      }
    },
    {
      "id": "fatigue_women cotton classics",
      "hypothesis": "High frequency + low CTR indicates audience fatigue",
      "campaign": "women cotton classics",
      "confidence": 0.8,
      "valid": true,
      "raw_evidence": {
        "campaign": "women cotton classics",
        "frequency": 166.18489655172414,
        "ctr": 0.009502156786174878
      }
    },
    {
      "id": "fatigue_women fit & li t",
      "hypothesis": "High frequency + low CTR indicates audience fatigue",
      "campaign": "women fit & li t",
      "confidence": 0.8,
      "valid": true,
      "raw_evidence": {
        "campaign": "women fit & li t",
        "frequency": 258.145,
        "ctr": 0.007790195432799396
      }
    },
    {
      "id": "fatigue_women s amless everyday",
      "hypothesis": "High frequency + low CTR indicates audience fatigue",
      "campaign": "women s amless everyday",
      "confidence": 0.8,
      "valid": true,
      "raw_evidence": {
        "campaign": "women s amless everyday",
        "frequency": 12.88695652173913,
        "ctr": 0.009763832658569501
      }
    },
    {
      "id": "fatigue_women s-mmer invisible",
      "hypothesis": "High frequency + low CTR indicates audience fatigue",
      "campaign": "women s-mmer invisible",
      "confidence": 0.8,
      "valid": true,
      "raw_evidence": {
        "campaign": "women s-mmer invisible",
        "frequency": 103.973,
        "ctr": 0.008492589422253855
      }
    },
    {
      "id": "fatigue_women seam-ess everyday",
      "hypothesis": "High frequency + low CTR indicates audience fatigue",
      "campaign": "women seam-ess everyday",
      "confidence": 0.8,
      "valid": true,
      "raw_evidence": {
        "campaign": "women seam-ess everyday",
        "frequency": 257.8,
        "ctr": 0.00917377812257564
      }
    },
    {
      "id": "fatigue_women seamess everyday",
      "hypothesis": "High frequency + low CTR indicates audience fatigue",
      "campaign": "women seamess everyday",
      "confidence": 0.8,
      "valid": true,
      "raw_evidence": {
        "campaign": "women seamess everyday",
        "frequency": 84.675,
        "ctr": 0.007676409802184824
      }
    },
    {
      "id": "fatigue_women seamless everday",
      "hypothesis": "High frequency + low CTR indicates audience fatigue",
      "campaign": "women seamless everday",
      "confidence": 0.8,
      "valid": true,
      "raw_evidence": {
        "campaign": "women seamless everday",
        "frequency": 267.204,
        "ctr": 0.00942725408302271
      }
    },
    {
      "id": "fatigue_women seamless everyday",
      "hypothesis": "High frequency + low CTR indicates audience fatigue",
      "campaign": "women seamless everyday",
      "confidence": 0.8,
      "valid": true,
      "raw_evidence": {
        "campaign": "women seamless everyday",
        "frequency": 152.83861111111113,
        "ctr": 0.007938293661251247
      }
    },
    {
      "id": "fatigue_women seamless-everyday",
      "hypothesis": "High frequency + low CTR indicates audience fatigue",
      "campaign": "women seamless-everyday",
      "confidence": 0.8,
      "valid": true,
      "raw_evidence": {
        "campaign": "women seamless-everyday",
        "frequency": 338.861,
        "ctr": 0.00894467052862383
      }
    },
    {
      "id": "fatigue_women su-mer invisible",
      "hypothesis": "High frequency + low CTR indicates audience fatigue",
      "campaign": "women su-mer invisible",
      "confidence": 0.8,
      "valid": true,
      "raw_evidence": {
        "campaign": "women su-mer invisible",
        "frequency": 287.625,
        "ctr": 0.0057262059973924384
      }
    },
    {
      "id": "fatigue_women summe- invisible",
      "hypothesis": "High frequency + low CTR indicates audience fatigue",
      "campaign": "women summe- invisible",
      "confidence": 0.8,
      "valid": true,
      "raw_evidence": {
        "campaign": "women summe- invisible",
        "frequency": 189.138,
        "ctr": 0.008845393310704353
      }
    },
    {
      "id": "fatigue_women summer in isible",
      "hypothesis": "High frequency + low CTR indicates audience fatigue",
      "campaign": "women summer in isible",
      "confidence": 0.8,
      "valid": true,
      "raw_evidence": {
        "campaign": "women summer in isible",
        "frequency": 127.198,
        "ctr": 0.00944983411688863
      }
    },
    {
      "id": "fatigue_women | studio spo ts",
      "hypothesis": "High frequency + low CTR indicates audience fatigue",
      "campaign": "women | studio spo ts",
      "confidence": 0.8,
      "valid": true,
      "raw_evidence": {
        "campaign": "women | studio spo ts",
        "frequency": 190.126,
        "ctr": 0.00615381378664675
      }
    },
    {
      "id": "fatigue_women_Summe _Invisible",
      "hypothesis": "High frequency + low CTR indicates audience fatigue",
      "campaign": "women_Summe _Invisible",
      "confidence": 0.8,
      "valid": true,
      "raw_evidence": {
        "campaign": "women_Summe _Invisible",
        "frequency": 411.098,
        "ctr": 0.007674569080851768
      }
    },
    {
      "id": "fatigue_women_Summer_Inisible",
      "hypothesis": "High frequency + low CTR indicates audience fatigue",
      "campaign": "women_Summer_Inisible",
      "confidence": 0.8,
      "valid": true,
      "raw_evidence": {
        "campaign": "women_Summer_Inisible",
        "frequency": 32.574,
        "ctr": 0.00954749186467735
      }
    },
    {
      "id": "fatigue_women_Summer_Invisi-le",
      "hypothesis": "High frequency + low CTR indicates audience fatigue",
      "campaign": "women_Summer_Invisi-le",
      "confidence": 0.8,
      "valid": true,
      "raw_evidence": {
        "campaign": "women_Summer_Invisi-le",
        "frequency": 40.462,
        "ctr": 0.00862537689684148
      }
    },
    {
      "id": "fatigue_womn cotton classics",
      "hypothesis": "High frequency + low CTR indicates audience fatigue",
      "campaign": "womn cotton classics",
      "confidence": 0.8,
      "valid": true,
      "raw_evidence": {
        "campaign": "womn cotton classics",
        "frequency": 237.466,
        "ctr": 0.007900078327002602
      }
    }
  ]
}